Account Name: Account Name,Opportunity Name,Account Name: Region,ACTIVITY,Chrono Name,Invoice #,Invoice Date,Purchase Order #,Deliverables,Invoiced Revenue (converted) Currency,Invoiced Revenue (converted),Month_rate (converted) Currency,Gross Revenue,Project Revenue (converted) Currency,Project Revenue (converted),PassThrough,Opportunity Owner: Full Name,Stage,Close Date,Client Name,Date,Region,Account Name,Type,Segment,Industry,Account Owner,Count,Invoice,Final Order,Recurring,Net Revenue,Unbilled,Recurring Rev,Month No,Quarter
Adani Airports,Adani Airport - Ahmedabad,India,Services(R),PO# 00002023,,,,Indoor Design and Planning Services,,,USD,15384.62,USD,30769.23,0.0,Saravanan Manickam,Negotiation,2/1/2023,Adani Airports,2023-02-01,India,Adani Airports,,Private Platform,Asset Owner,Saravanan Manickam,2,0.0,15384.615,Recurring,15384.62,15384.62,15384.62,2,Q4
Adani Airports,Adani Airport - Ahmedabad,India,Services(R),PO# 00002023,,,,Indoor Design and Planning Services,,,USD,15384.62,USD,30769.23,0.0,Saravanan Manickam,Negotiation,2/1/2023,Adani Airports,2023-03-01,India,Adani Airports,,Private Platform,Asset Owner,Saravanan Manickam,2,0.0,15384.615,Recurring,15384.62,15384.62,15384.62,3,Q4
AFD Tech,AFD Tech - 12 x 5GMARK PRO licenses,Europe,Platform(R),PO# 00001790,2022050886,5/3/2022,,12 licences 5GMARK PRO pour iPhone 13,USD,12159.53,USD,4052.77,USD,12159.53,0.0,Robert FROGER,Closed Won,5/2/2022,AFD Tech,2022-05-01,Europe,AFD Tech,Prospect,Public Platform,Smart Cities / Territories,Robert FROGER,3,4053.1766666666667,4053.1766666666667,Recurring,4052.77,-0.40666666666675155,4052.77,5,Q1
AFD Tech,AFD Tech - 12 x 5GMARK PRO licenses,Europe,Platform(R),PO# 00001790,2022050886,5/3/2022,,12 licences 5GMARK PRO pour iPhone 13,USD,12159.53,USD,4052.77,USD,12159.53,0.0,Robert FROGER,Closed Won,5/2/2022,AFD Tech,2022-06-01,Europe,AFD Tech,Prospect,Public Platform,Smart Cities / Territories,Robert FROGER,3,4053.1766666666667,4053.1766666666667,Recurring,4052.77,-0.40666666666675155,4052.77,6,Q1
AFD Tech,AFD Tech - 12 x 5GMARK PRO licenses,Europe,Platform(R),PO# 00001790,2022050886,5/3/2022,,12 licences 5GMARK PRO pour iPhone 13,USD,12159.53,USD,4053.99,USD,12159.53,0.0,Robert FROGER,Closed Won,5/2/2022,AFD Tech,2022-07-01,Europe,AFD Tech,Prospect,Public Platform,Smart Cities / Territories,Robert FROGER,3,4053.1766666666667,4053.1766666666667,Recurring,4053.99,0.8133333333330484,4053.99,7,Q2
ALIS 28,A28 Couverture Mobile - ALIS A28,Europe,Services(R),PO# 00001838,2022090994,9/20/2022,CF ALiS_Co000284,,USD,2774.58,USD,2774.58,USD,2774.58,0.0,Ali Boudaoud,Closed Won,8/12/2022,ALIS 28,2022-09-01,Europe,ALIS 28,,Public Platform,Smart Cities / Territories,Ali Boudaoud,1,2774.58,2774.58,Recurring,2774.58,0.0,2774.58,9,Q2
ARCEP France,ARCEP CARAIBES 2022,Europe,Services(R),PO# 00001575,20221101026 20221101027 20221101028 20221101029 20221101030,11/7/2022,,ARCEP DOM 2022,USD,268372.78,USD,109858.29,USD,549291.43,0.0,Ali Boudaoud,Closed Won,7/1/2022,ARCEP France,2022-07-01,Europe,ARCEP France,,Public Platform,Others,CXO,5,53674.556000000004,109858.28600000001,Recurring,109858.29,56183.73399999999,109858.29,7,Q2
ARCEP France,ARCEP CARAIBES 2022,Europe,Services(R),PO# 00001575,20221101026 20221101027 20221101028 20221101029 20221101030,11/7/2022,,ARCEP DOM 2022,USD,268372.78,USD,109858.29,USD,549291.43,0.0,Ali Boudaoud,Closed Won,7/1/2022,ARCEP France,2022-08-01,Europe,ARCEP France,,Public Platform,Others,CXO,5,53674.556000000004,109858.28600000001,Recurring,109858.29,56183.73399999999,109858.29,8,Q2
ARCEP France,ARCEP CARAIBES 2022,Europe,Services(R),PO# 00001575,20221101026 20221101027 20221101028 20221101029 20221101030,11/7/2022,,ARCEP DOM 2022,USD,268372.78,USD,109858.29,USD,549291.43,0.0,Ali Boudaoud,Closed Won,7/1/2022,ARCEP France,2022-09-01,Europe,ARCEP France,,Public Platform,Others,CXO,5,53674.556000000004,109858.28600000001,Recurring,109858.29,56183.73399999999,109858.29,9,Q2
ARCEP France,ARCEP CARAIBES 2022,Europe,Services(R),PO# 00001575,20221101026 20221101027 20221101028 20221101029 20221101030,11/7/2022,,ARCEP DOM 2022,USD,268372.78,USD,109858.29,USD,549291.43,0.0,Ali Boudaoud,Closed Won,7/1/2022,ARCEP France,2022-10-01,Europe,ARCEP France,,Public Platform,Others,CXO,5,53674.556000000004,109858.28600000001,Recurring,109858.29,56183.73399999999,109858.29,10,Q3
ARCEP France,ARCEP CARAIBES 2022,Europe,Services(R),PO# 00001575,20221101026 20221101027 20221101028 20221101029 20221101030,11/7/2022,,ARCEP DOM 2022,USD,268372.78,USD,109858.29,USD,549291.43,0.0,Ali Boudaoud,Closed Won,7/1/2022,ARCEP France,2022-11-01,Europe,ARCEP France,,Public Platform,Others,CXO,5,53674.556000000004,109858.28600000001,Recurring,109858.29,56183.73399999999,109858.29,11,Q3
Askari Bank,Askari Bank Mobile App,MEA,Platform(R),PO# 00001949,,,,,,,USD,6664.0,USD,80000.0,0.0,Perdiep Jankie,Negotiation,2/28/2023,Askari Bank,2023-03-30,MEA,Askari Bank,Prospect,Application Platform,BFSI,Perdiep Jankie,1,0.0,80000.0,Recurring,6664.0,6664.0,6664.0,3,Q4
Axione,Bouygues Axione T17311 BOURGES/PRINTANIA - Mesures dynamiques 4G/5G,Europe,Services(R),PO# 00001880,20221101021,11/2/2022,HE14168909,,USD,4316.63,USD,4316.63,USD,4316.63,0.0,David Yuksel,Closed Won,10/20/2022,Axione,2022-10-01,Europe,Axione,Customer,Public Platform,Smart Cities / Territories,David Yuksel,1,4316.63,4316.63,Recurring,4316.63,0.0,4316.63,10,Q3
Bayshore,Bayshore Neutral Hosting - 10 years contract,Other APAC,One-Time,PO# 00002057,,,,,,,USD,66640.0,USD,800000.0,55.0,CXO,Negotiation,2/20/2023,Bayshore,2023-02-01,Other APAC,Bayshore,Customer,Private Platform,Asset Owner,CXO,2,0.0,400000.0,One-Time,29988.0,66640.0,0.0,2,Q4
Bayshore,Bayshore Neutral Hosting - 10 years contract,Other APAC,One-Time,PO# 00002057,,,,,,,USD,66640.0,USD,800000.0,55.0,CXO,Negotiation,2/20/2023,Bayshore,2023-03-01,Other APAC,Bayshore,Customer,Private Platform,Asset Owner,CXO,2,0.0,400000.0,One-Time,29988.0,66640.0,0.0,3,Q4
Bharti Airtel Ltd.,Airtel GH Managed Services & Support 22,India,Services(R),PO# 00001697,MHV-2122-AIR-001 MHV-2122-AIR-002 MHV-2122-AIR-003 MHV-2223-AIR-001 MHV-2223-AIR-002 MHV-2223-AIR-003 MHV-2223-AIR-004 MHV-2223-AIR-005 MHV-2223-AIR-006 MHV-2223-AIR-007 MHV-2223-AIR-008 MHV-2223-AIR-009,,30,,USD,56416.22,USD,4871.79,USD,58461.54,0.0,Mohit Lohani,Closed Won,11/30/2021,Bharti Airtel Ltd.,2022-04-10,India,Bharti Airtel Ltd.,Customer,Private Platform,Telco,Mohit Lohani,8,7052.0275,7307.6925,Recurring,4871.79,-2180.2375,4871.79,4,Q1
Bharti Airtel Ltd.,Airtel GH Managed Services & Support 22,India,Services(R),PO# 00001697,MHV-2122-AIR-001 MHV-2122-AIR-002 MHV-2122-AIR-003 MHV-2223-AIR-001 MHV-2223-AIR-002 MHV-2223-AIR-003 MHV-2223-AIR-004 MHV-2223-AIR-005 MHV-2223-AIR-006 MHV-2223-AIR-007 MHV-2223-AIR-008 MHV-2223-AIR-009,,30,,USD,56416.22,USD,4871.79,USD,58461.54,0.0,Mohit Lohani,Closed Won,11/30/2021,Bharti Airtel Ltd.,2022-05-10,India,Bharti Airtel Ltd.,Customer,Private Platform,Telco,Mohit Lohani,8,7052.0275,7307.6925,Recurring,4871.79,-2180.2375,4871.79,5,Q1
Bharti Airtel Ltd.,Airtel GH Managed Services & Support 22,India,Services(R),PO# 00001697,MHV-2122-AIR-001 MHV-2122-AIR-002 MHV-2122-AIR-003 MHV-2223-AIR-001 MHV-2223-AIR-002 MHV-2223-AIR-003 MHV-2223-AIR-004 MHV-2223-AIR-005 MHV-2223-AIR-006 MHV-2223-AIR-007 MHV-2223-AIR-008 MHV-2223-AIR-009,,30,,USD,56416.22,USD,4871.79,USD,58461.54,0.0,Mohit Lohani,Closed Won,11/30/2021,Bharti Airtel Ltd.,2022-06-10,India,Bharti Airtel Ltd.,Customer,Private Platform,Telco,Mohit Lohani,8,7052.0275,7307.6925,Recurring,4871.79,-2180.2375,4871.79,6,Q1
Bharti Airtel Ltd.,Airtel GH Managed Services & Support 22,India,Services(R),PO# 00001697,MHV-2122-AIR-001 MHV-2122-AIR-002 MHV-2122-AIR-003 MHV-2223-AIR-001 MHV-2223-AIR-002 MHV-2223-AIR-003 MHV-2223-AIR-004 MHV-2223-AIR-005 MHV-2223-AIR-006 MHV-2223-AIR-007 MHV-2223-AIR-008 MHV-2223-AIR-009,,30,,USD,56416.22,USD,4871.79,USD,58461.54,0.0,Mohit Lohani,Closed Won,11/30/2021,Bharti Airtel Ltd.,2022-07-10,India,Bharti Airtel Ltd.,Customer,Private Platform,Telco,Mohit Lohani,8,7052.0275,7307.6925,Recurring,4871.79,-2180.2375,4871.79,7,Q2
Bharti Airtel Ltd.,Airtel GH Managed Services & Support 22,India,Services(R),PO# 00001697,MHV-2122-AIR-001 MHV-2122-AIR-002 MHV-2122-AIR-003 MHV-2223-AIR-001 MHV-2223-AIR-002 MHV-2223-AIR-003 MHV-2223-AIR-004 MHV-2223-AIR-005 MHV-2223-AIR-006 MHV-2223-AIR-007 MHV-2223-AIR-008 MHV-2223-AIR-009,,30,,USD,56416.22,USD,4871.79,USD,58461.54,0.0,Mohit Lohani,Closed Won,11/30/2021,Bharti Airtel Ltd.,2022-08-10,India,Bharti Airtel Ltd.,Customer,Private Platform,Telco,Mohit Lohani,8,7052.0275,7307.6925,Recurring,4871.79,-2180.2375,4871.79,8,Q2
Bharti Airtel Ltd.,Airtel GH Managed Services & Support 22,India,Services(R),PO# 00001697,MHV-2122-AIR-001 MHV-2122-AIR-002 MHV-2122-AIR-003 MHV-2223-AIR-001 MHV-2223-AIR-002 MHV-2223-AIR-003 MHV-2223-AIR-004 MHV-2223-AIR-005 MHV-2223-AIR-006 MHV-2223-AIR-007 MHV-2223-AIR-008 MHV-2223-AIR-009,,30,,USD,56416.22,USD,4871.79,USD,58461.54,0.0,Mohit Lohani,Closed Won,11/30/2021,Bharti Airtel Ltd.,2022-09-10,India,Bharti Airtel Ltd.,Customer,Private Platform,Telco,Mohit Lohani,8,7052.0275,7307.6925,Recurring,4871.79,-2180.2375,4871.79,9,Q2
Bharti Airtel Ltd.,Airtel GH Managed Services & Support 22,India,Services(R),PO# 00001697,MHV-2122-AIR-001 MHV-2122-AIR-002 MHV-2122-AIR-003 MHV-2223-AIR-001 MHV-2223-AIR-002 MHV-2223-AIR-003 MHV-2223-AIR-004 MHV-2223-AIR-005 MHV-2223-AIR-006 MHV-2223-AIR-007 MHV-2223-AIR-008 MHV-2223-AIR-009,,30,,USD,56416.22,USD,4871.79,USD,58461.54,0.0,Mohit Lohani,Closed Won,11/30/2021,Bharti Airtel Ltd.,2022-10-10,India,Bharti Airtel Ltd.,Customer,Private Platform,Telco,Mohit Lohani,8,7052.0275,7307.6925,Recurring,4871.79,-2180.2375,4871.79,10,Q3
Bharti Airtel Ltd.,Airtel GH Managed Services & Support 22,India,Services(R),PO# 00001697,MHV-2122-AIR-001 MHV-2122-AIR-002 MHV-2122-AIR-003 MHV-2223-AIR-001 MHV-2223-AIR-002 MHV-2223-AIR-003 MHV-2223-AIR-004 MHV-2223-AIR-005 MHV-2223-AIR-006 MHV-2223-AIR-007 MHV-2223-AIR-008 MHV-2223-AIR-009,,30,,USD,56416.22,USD,4871.79,USD,58461.54,0.0,Mohit Lohani,Closed Won,11/30/2021,Bharti Airtel Ltd.,2022-11-10,India,Bharti Airtel Ltd.,Customer,Private Platform,Telco,Mohit Lohani,8,7052.0275,7307.6925,Recurring,4871.79,-2180.2375,4871.79,11,Q3
Bouygues Telecom,Location Serveurs de Tests et de Stockage - 2022,Europe,Platform(R),PO# 00001721,2022030851,3/21/2022,4502275737,Bouygues - Loc Serveurs Tests et Stockage - 2022,USD,2738.11,USD,228.08,USD,2738.11,0.0,CXO,Closed Won,2/1/2022,Bouygues Telecom,2022-04-01,Europe,Bouygues Telecom,Customer,Public Platform,Telco,Robert FROGER,9,304.2344444444445,304.2344444444445,Recurring,228.08,-76.15444444444447,228.08,4,Q1
Bouygues Telecom,Bouygues Telecom - Probes,Europe,Platform(R),PO# 00001632,,,,Fixed Probes,,,USD,103161.48,USD,309515.39,0.0,Robert FROGER,Negotiation,2/28/2023,Bouygues Telecom,2022-04-01,Europe,Bouygues Telecom,Customer,Public Platform,Telco,Robert FROGER,2,0.0,154757.695,Recurring,103161.48,103161.48,103161.48,4,Q1
Bouygues Telecom,Mise à disposition forfaits 2022,Europe,Services(R),PO# 00001720,2022040871,4/5/2022,4502292929,Mise à disposition forfaits 2022,USD,9587.24,USD,798.62,USD,9587.24,0.0,Sylvain Grateau,Closed Won,1/26/2022,Bouygues Telecom,2022-04-01,Europe,Bouygues Telecom,Customer,Public Platform,Telco,Robert FROGER,9,1065.2488888888888,1065.2488888888888,Recurring,798.62,-266.6288888888888,798.62,4,Q1
Bouygues Telecom,Campagne Mesures Spécifiques Eurostar,Europe,Services(R),PO# 00001733,2022060933,6/23/2022,4502298722,Campagne Mesures Spécifiques Eurostar,USD,2431.91,USD,810.55,USD,2431.91,0.0,David Yuksel,Closed Won,3/18/2022,Bouygues Telecom,2022-04-01,Europe,Bouygues Telecom,Customer,Public Platform,Telco,Robert FROGER,3,810.6366666666667,810.6366666666667,Recurring,810.55,-0.08666666666670153,810.55,4,Q1
Bouygues Telecom,Bouygues - 20 licences 5Gmark Pro - 2022,Europe,Platform(R),PO# 00001468,2022020836,2/21/2022,4502252966,20 licences 5GMARK PRO,USD,30398.83,USD,2532.22,USD,30398.83,0.0,Robert FROGER,Closed Won,2/10/2022,Bouygues Telecom,2022-04-01,Europe,Bouygues Telecom,Customer,Public Platform,Telco,Robert FROGER,9,3377.647777777778,3377.647777777778,Recurring,2532.22,-845.4277777777784,2532.22,4,Q1
Bouygues Telecom,Campagne Mesures Spécifiques ZTD SUP200 POST,Europe,Services(R),PO# 00001495,2022050907,5/31/2022,4502278702,Campagne Mesures Spécifiques ZTD SUP200 POST,USD,52811.06,USD,8449.77,USD,52811.06,0.0,David Yuksel,Closed Won,12/21/2021,Bouygues Telecom,2022-04-01,Europe,Bouygues Telecom,Customer,Public Platform,Telco,Robert FROGER,1,52811.06,52811.06,Recurring,8449.77,-44361.28999999999,8449.77,4,Q1
Bouygues Telecom,Campagne TBSI Mesures LTE-M-Nice,Europe,Services(R),PO# 00001763,2022050898,5/17/2022,202203-2696,Campagne TBSI Mesures LTE-M-Nice,USD,1834.98,USD,917.49,USD,1834.98,0.0,Sylvain Grateau,Closed Won,3/30/2022,Bouygues Telecom,2022-04-01,Europe,Bouygues Telecom,Customer,Public Platform,Telco,Robert FROGER,2,917.49,917.49,Recurring,917.49,0.0,917.49,4,Q1
Bouygues Telecom,Campagne Multi Opérateur 5G Q2-2022,Europe,Services(R),PO# 00001749,2022060921,6/20/2022,4502307372,Campagne Multi Opérateur 5G Q2-2022,USD,156841.4,USD,52275.24,USD,156841.4,0.0,Sylvain Grateau,Closed Won,4/4/2022,Bouygues Telecom,2022-04-01,Europe,Bouygues Telecom,Customer,Public Platform,Telco,Robert FROGER,3,52280.46666666667,52280.46666666667,Recurring,52275.24,-5.226666666669189,52275.24,4,Q1
Bouygues Telecom,Campagne TBSI Mesures MIMO Sleep 4G_Toulon,Europe,Services(R),PO# 00001771,2022050885,5/2/2022,4502299860,Campagne TBSI Mesures MIMO Sleep 4G_Toulon,USD,1834.98,USD,1834.98,USD,1834.98,0.0,Sylvain Grateau,Closed Won,4/5/2022,Bouygues Telecom,2022-04-01,Europe,Bouygues Telecom,Customer,Public Platform,Telco,Robert FROGER,1,1834.98,1834.98,Recurring,1834.98,0.0,1834.98,4,Q1
Bouygues Telecom,Campagne Mesures Spécifiques RATP GLOBAL 3,Europe,Services(R),PO# 00001783,2022050902,5/23/2022,4502315243,,USD,14867.79,USD,7433.9,USD,14867.79,0.0,David Yuksel,Closed Won,4/21/2022,Bouygues Telecom,2022-04-01,Europe,Bouygues Telecom,Customer,Public Platform,Telco,Robert FROGER,2,7433.895,7433.895,Recurring,7433.9,0.004999999999199645,7433.9,4,Q1
Bouygues Telecom,Campagne TBSI Mesures NB-IoT_Bourges,Europe,Services(R),PO# 00001784,2022050897,5/17/2022,4502311968,Campagne TBSI Mesures NB-IoT_Bourges,USD,1282.28,USD,641.14,USD,1282.28,0.0,Sylvain Grateau,Closed Won,4/22/2022,Bouygues Telecom,2022-04-01,Europe,Bouygues Telecom,Customer,Public Platform,Telco,Robert FROGER,2,641.14,641.14,Recurring,641.14,0.0,641.14,4,Q1
Bouygues Telecom,Campagne Mesures Spécifiques Tunnel A86 Duplex,Europe,Services(R),PO# 00001799,2022050896,5/16/2022,4502299684,,USD,1602.85,USD,1602.85,USD,1602.85,0.0,David Yuksel,Closed Won,4/5/2022,Bouygues Telecom,2022-04-01,Europe,Bouygues Telecom,Customer,Public Platform,Telco,Robert FROGER,1,1602.85,1602.85,Recurring,1602.85,0.0,1602.85,4,Q1
Bouygues Telecom,Campagne Mesures Spécifiques TGV Paris Lyon Zone Valenton,Europe,Services(R),PO# 00001800,2022050900,5/19/2022,4502292800,,USD,1100.0,USD,1100.0,USD,1100.0,0.0,David Yuksel,Closed Won,3/2/2022,Bouygues Telecom,2022-04-01,Europe,Bouygues Telecom,Customer,Public Platform,Telco,Robert FROGER,1,1100.0,1100.0,Recurring,1100.0,0.0,1100.0,4,Q1
Bouygues Telecom,Bouygues - 5Gmark Crowdsourcing 2022,Europe,Platform(R),PO# 00001773,2022040872,4/5/2022,4502256360,Accès aux données crowdsourcing 5GMARK pour 2022 - T2,USD,19897.42,USD,6631.81,USD,19897.42,0.0,Robert FROGER,Closed Won,12/15/2021,Bouygues Telecom,2022-04-01,Europe,Bouygues Telecom,Customer,Public Platform,Telco,Robert FROGER,3,6632.473333333332,6632.473333333332,Recurring,6631.81,-0.6633333333320479,6631.81,4,Q1
Bouygues Telecom,Campagne Mesures Spécifiques Centre commercial Vache Noire,Europe,Services(R),PO# 00001776,2022050895,5/16/2022,4502299685,logs and reports,USD,1215.95,USD,1215.95,USD,1215.95,0.0,David Yuksel,Closed Won,4/6/2022,Bouygues Telecom,2022-04-01,Europe,Bouygues Telecom,Customer,Public Platform,Telco,Robert FROGER,1,1215.95,1215.95,Recurring,1215.95,0.0,1215.95,4,Q1
Bouygues Telecom,Campagne TBSI Mesures Nemo VoLTE-Nimes,Europe,Services(R),PO# 00001777,2022040878,4/21/2022,4502299861,Campagne TBSI Mesures Nemo VoLTE-Nimes,USD,1702.33,USD,1702.33,USD,1702.33,0.0,Sylvain Grateau,Closed Won,4/6/2022,Bouygues Telecom,2022-04-01,Europe,Bouygues Telecom,Customer,Public Platform,Telco,Robert FROGER,1,1702.33,1702.33,Recurring,1702.33,0.0,1702.33,4,Q1
Bouygues Telecom,Campagne TBSI Achat 2 Oppo Find X5 Pro,Europe,Services(R),PO# 00001779,2022050904,5/30/2022,4502303350,Campagne TBSI Achat 2 Oppo Find X5 Pro,USD,2686.15,USD,2686.15,USD,2686.15,0.0,Sylvain Grateau,Closed Won,4/6/2022,Bouygues Telecom,2022-04-01,Europe,Bouygues Telecom,Customer,Public Platform,Telco,Robert FROGER,1,2686.15,2686.15,Recurring,2686.15,0.0,2686.15,4,Q1
Bouygues Telecom,Campagne Mesures Spécifiques A6 Paris-Lyon AFTER,Europe,Services(R),PO# 00001849,2022080958,8/16/2022,4502315207,,USD,2995.67,USD,2995.67,USD,2995.67,0.0,David Yuksel,Closed Won,4/6/2022,Bouygues Telecom,2022-04-01,Europe,Bouygues Telecom,Customer,Public Platform,Telco,Robert FROGER,1,2995.67,2995.67,Recurring,2995.67,0.0,2995.67,4,Q1
Bouygues Telecom,Location Serveurs de Tests et de Stockage - 2022,Europe,Platform(R),PO# 00001721,2022030851,3/21/2022,4502275737,Bouygues - Loc Serveurs Tests et Stockage - 2022,USD,2738.11,USD,228.08,USD,2738.11,0.0,CXO,Closed Won,2/1/2022,Bouygues Telecom,2022-05-01,Europe,Bouygues Telecom,Customer,Public Platform,Telco,Robert FROGER,9,304.2344444444445,304.2344444444445,Recurring,228.08,-76.15444444444447,228.08,5,Q1
Bouygues Telecom,Bouygues Telecom - Probes,Europe,Platform(R),PO# 00001632,,,,Fixed Probes,,,USD,103161.48,USD,309515.39,0.0,Robert FROGER,Negotiation,2/28/2023,Bouygues Telecom,2022-05-01,Europe,Bouygues Telecom,Customer,Public Platform,Telco,Robert FROGER,2,0.0,154757.695,Recurring,103161.48,103161.48,103161.48,5,Q1
Bouygues Telecom,Mise à disposition forfaits 2022,Europe,Services(R),PO# 00001720,2022040871,4/5/2022,4502292929,Mise à disposition forfaits 2022,USD,9587.24,USD,798.62,USD,9587.24,0.0,Sylvain Grateau,Closed Won,1/26/2022,Bouygues Telecom,2022-05-01,Europe,Bouygues Telecom,Customer,Public Platform,Telco,Robert FROGER,9,1065.2488888888888,1065.2488888888888,Recurring,798.62,-266.6288888888888,798.62,5,Q1
Bouygues Telecom,Campagne Mesures Spécifiques Eurostar,Europe,Services(R),PO# 00001733,2022060933,6/23/2022,4502298722,Campagne Mesures Spécifiques Eurostar,USD,2431.91,USD,810.55,USD,2431.91,0.0,David Yuksel,Closed Won,3/18/2022,Bouygues Telecom,2022-05-01,Europe,Bouygues Telecom,Customer,Public Platform,Telco,Robert FROGER,3,810.6366666666667,810.6366666666667,Recurring,810.55,-0.08666666666670153,810.55,5,Q1
Bouygues Telecom,Bouygues - 20 licences 5Gmark Pro - 2022,Europe,Platform(R),PO# 00001468,2022020836,2/21/2022,4502252966,20 licences 5GMARK PRO,USD,30398.83,USD,2532.22,USD,30398.83,0.0,Robert FROGER,Closed Won,2/10/2022,Bouygues Telecom,2022-05-01,Europe,Bouygues Telecom,Customer,Public Platform,Telco,Robert FROGER,9,3377.647777777778,3377.647777777778,Recurring,2532.22,-845.4277777777784,2532.22,5,Q1
Bouygues Telecom,Campagne ZE vSPGW,Europe,Services(R),PO# 00001770,2022050906,5/31/2022,4502316088,Campagne ZE vSPGW,USD,2697.21,USD,2697.21,USD,2697.21,0.0,Sylvain Grateau,Closed Won,5/9/2022,Bouygues Telecom,2022-05-01,Europe,Bouygues Telecom,Customer,Public Platform,Telco,Robert FROGER,1,2697.21,2697.21,Recurring,2697.21,0.0,2697.21,5,Q1
Bouygues Telecom,Campagne TBSI Mesures LTE-M-Nice,Europe,Services(R),PO# 00001763,2022050898,5/17/2022,202203-2696,Campagne TBSI Mesures LTE-M-Nice,USD,1834.98,USD,917.49,USD,1834.98,0.0,Sylvain Grateau,Closed Won,3/30/2022,Bouygues Telecom,2022-05-01,Europe,Bouygues Telecom,Customer,Public Platform,Telco,Robert FROGER,2,917.49,917.49,Recurring,917.49,0.0,917.49,5,Q1
Bouygues Telecom,Campagne Multi Opérateur 5G Q2-2022,Europe,Services(R),PO# 00001749,2022060921,6/20/2022,4502307372,Campagne Multi Opérateur 5G Q2-2022,USD,156841.4,USD,52275.24,USD,156841.4,0.0,Sylvain Grateau,Closed Won,4/4/2022,Bouygues Telecom,2022-05-01,Europe,Bouygues Telecom,Customer,Public Platform,Telco,Robert FROGER,3,52280.46666666667,52280.46666666667,Recurring,52275.24,-5.226666666669189,52275.24,5,Q1
Bouygues Telecom,Campagne Mesures Spécifiques Avignon REF-POST,Europe,Services(R),PO# 00001788,2022080971,8/30/2022,4502315206,,USD,13388.75,USD,6694.38,USD,13388.75,0.0,David Yuksel,Closed Won,4/28/2022,Bouygues Telecom,2022-05-01,Europe,Bouygues Telecom,Customer,Public Platform,Telco,Robert FROGER,2,6694.375,6694.375,Recurring,6694.38,0.005000000000109139,6694.38,5,Q1
Bouygues Telecom,Campagne Mesures Spécifiques RATP GLOBAL 3,Europe,Services(R),PO# 00001783,2022050902,5/23/2022,4502315243,,USD,14867.79,USD,7433.9,USD,14867.79,0.0,David Yuksel,Closed Won,4/21/2022,Bouygues Telecom,2022-05-01,Europe,Bouygues Telecom,Customer,Public Platform,Telco,Robert FROGER,2,7433.895,7433.895,Recurring,7433.9,0.004999999999199645,7433.9,5,Q1
Bouygues Telecom,Campagne TBSI Mesures NB-IoT_Bourges,Europe,Services(R),PO# 00001784,2022050897,5/17/2022,4502311968,Campagne TBSI Mesures NB-IoT_Bourges,USD,1282.28,USD,641.14,USD,1282.28,0.0,Sylvain Grateau,Closed Won,4/22/2022,Bouygues Telecom,2022-05-01,Europe,Bouygues Telecom,Customer,Public Platform,Telco,Robert FROGER,2,641.14,641.14,Recurring,641.14,0.0,641.14,5,Q1
Bouygues Telecom,Campagne Mesures Spécifiques Centre commercial Val d'Europe,Europe,Services(R),PO# 00001787,2022050901,5/23/2022,4502315142,,USD,1215.95,USD,1215.95,USD,1215.95,0.0,David Yuksel,Closed Won,4/27/2022,Bouygues Telecom,2022-05-01,Europe,Bouygues Telecom,Customer,Public Platform,Telco,Robert FROGER,1,1215.95,1215.95,Recurring,1215.95,0.0,1215.95,5,Q1
Bouygues Telecom,Bouygues - 5Gmark Crowdsourcing 2022,Europe,Platform(R),PO# 00001773,2022040872,4/5/2022,4502256360,Accès aux données crowdsourcing 5GMARK pour 2022 - T2,USD,19897.42,USD,6631.81,USD,19897.42,0.0,Robert FROGER,Closed Won,12/15/2021,Bouygues Telecom,2022-05-01,Europe,Bouygues Telecom,Customer,Public Platform,Telco,Robert FROGER,3,6632.473333333332,6632.473333333332,Recurring,6631.81,-0.6633333333320479,6631.81,5,Q1
Bouygues Telecom,Location Serveurs de Tests et de Stockage - 2022,Europe,Platform(R),PO# 00001721,2022030851,3/21/2022,4502275737,Bouygues - Loc Serveurs Tests et Stockage - 2022,USD,2738.11,USD,228.36,USD,2738.11,0.0,CXO,Closed Won,2/1/2022,Bouygues Telecom,2022-06-01,Europe,Bouygues Telecom,Customer,Public Platform,Telco,Robert FROGER,9,304.2344444444445,304.2344444444445,Recurring,228.36,-75.87444444444446,228.36,6,Q1
Bouygues Telecom,BOUYGUES CDS T2 2023,Europe,Services(R),PO# 00001595,,,,IDF T2 2023,,,USD,21887.16,USD,66324.73,0.0,Ali Boudaoud,Negotiation,1/16/2023,Bouygues Telecom,2022-06-01,Europe,Bouygues Telecom,Customer,Public Platform,Telco,Robert FROGER,1,0.0,66324.73,Recurring,21887.16,21887.16,21887.16,6,Q1
Bouygues Telecom,Mise à disposition forfaits 2022,Europe,Services(R),PO# 00001720,2022040871,4/5/2022,4502292929,Mise à disposition forfaits 2022,USD,9587.24,USD,799.58,USD,9587.24,0.0,Sylvain Grateau,Closed Won,1/26/2022,Bouygues Telecom,2022-06-01,Europe,Bouygues Telecom,Customer,Public Platform,Telco,Robert FROGER,9,1065.2488888888888,1065.2488888888888,Recurring,799.58,-265.6688888888888,799.58,6,Q1
Bouygues Telecom,Campagne Mesures Spécifiques Eurostar,Europe,Services(R),PO# 00001733,2022060933,6/23/2022,4502298722,Campagne Mesures Spécifiques Eurostar,USD,2431.91,USD,810.8,USD,2431.91,0.0,David Yuksel,Closed Won,3/18/2022,Bouygues Telecom,2022-06-01,Europe,Bouygues Telecom,Customer,Public Platform,Telco,Robert FROGER,3,810.6366666666667,810.6366666666667,Recurring,810.8,0.16333333333329847,810.8,6,Q1
Bouygues Telecom,Bouygues - 20 licences 5Gmark Pro - 2022,Europe,Platform(R),PO# 00001468,2022020836,2/21/2022,4502252966,20 licences 5GMARK PRO,USD,30398.83,USD,2535.26,USD,30398.83,0.0,Robert FROGER,Closed Won,2/10/2022,Bouygues Telecom,2022-06-01,Europe,Bouygues Telecom,Customer,Public Platform,Telco,Robert FROGER,9,3377.647777777778,3377.647777777778,Recurring,2535.26,-842.387777777778,2535.26,6,Q1
Bouygues Telecom,Campagne Multi Opérateur 5G Q2-2022,Europe,Services(R),PO# 00001749,2022060921,6/20/2022,4502307372,Campagne Multi Opérateur 5G Q2-2022,USD,156841.4,USD,52290.92,USD,156841.4,0.0,Sylvain Grateau,Closed Won,4/4/2022,Bouygues Telecom,2022-06-01,Europe,Bouygues Telecom,Customer,Public Platform,Telco,Robert FROGER,3,52280.46666666667,52280.46666666667,Recurring,52290.92,10.453333333331102,52290.92,6,Q1
Bouygues Telecom,Campagne Mesures Spécifiques Avignon REF-POST,Europe,Services(R),PO# 00001788,2022080971,8/30/2022,4502315206,,USD,13388.75,USD,6694.38,USD,13388.75,0.0,David Yuksel,Closed Won,4/28/2022,Bouygues Telecom,2022-06-01,Europe,Bouygues Telecom,Customer,Public Platform,Telco,Robert FROGER,2,6694.375,6694.375,Recurring,6694.38,0.005000000000109139,6694.38,6,Q1
Bouygues Telecom,Campagne TBSI Mesures Scanner 5G_Paris,Europe,Services(R),PO# 00001814,2022060917,6/14/2022,4502322498,Campagne TBSI Mesures Scanner 5G_Paris,USD,1138.57,USD,1138.57,USD,1138.57,0.0,Sylvain Grateau,Closed Won,6/7/2022,Bouygues Telecom,2022-06-01,Europe,Bouygues Telecom,Customer,Public Platform,Telco,Robert FROGER,1,1138.57,1138.57,Recurring,1138.57,0.0,1138.57,6,Q1
Bouygues Telecom,Campagne Mesures Spécifiques A77-N7,Europe,Services(R),PO# 00001812,2022080972,8/30/2022,4502327522,,USD,2542.45,USD,2542.45,USD,2542.45,0.0,David Yuksel,Closed Won,6/2/2022,Bouygues Telecom,2022-06-01,Europe,Bouygues Telecom,Customer,Public Platform,Telco,Robert FROGER,1,2542.45,2542.45,Recurring,2542.45,0.0,2542.45,6,Q1
Bouygues Telecom,Bouygues - 5Gmark Crowdsourcing 2022,Europe,Platform(R),PO# 00001773,2022040872,4/5/2022,4502256360,Accès aux données crowdsourcing 5GMARK pour 2022 - T2,USD,19897.42,USD,6633.8,USD,19897.42,0.0,Robert FROGER,Closed Won,12/15/2021,Bouygues Telecom,2022-06-01,Europe,Bouygues Telecom,Customer,Public Platform,Telco,Robert FROGER,3,6632.473333333332,6632.473333333332,Recurring,6633.8,1.3266666666677338,6633.8,6,Q1
Bouygues Telecom,Campagne Mesures Spécifiques Boutiques BYT,Europe,Services(R),PO# 00001808,2022090980,9/6/2022,4502316717,,USD,8671.96,USD,8671.96,USD,8671.96,0.0,David Yuksel,Closed Won,5/23/2022,Bouygues Telecom,2022-06-01,Europe,Bouygues Telecom,Customer,Public Platform,Telco,Robert FROGER,1,8671.96,8671.96,Recurring,8671.96,0.0,8671.96,6,Q1
Bouygues Telecom,Campagne Métro Q2-2022,Europe,Services(R),PO# 00001824,2022070954,7/18/2022,4502335248,Campagne Métro Q2-2022,USD,7881.59,USD,7881.59,USD,7881.59,0.0,Sylvain Grateau,Closed Won,6/15/2022,Bouygues Telecom,2022-06-01,Europe,Bouygues Telecom,Customer,Public Platform,Telco,Robert FROGER,1,7881.59,7881.59,Recurring,7881.59,0.0,7881.59,6,Q1
Bouygues Telecom,Campagne TBSI Mesures Scanner 5G_Paris_part2,Europe,Services(R),PO# 00001827,2022080977,8/30/2022,4502345380,Campagne TBSI Mesures Scanner 5G_Paris_part2,USD,1138.57,USD,1138.57,USD,1138.57,0.0,Sylvain Grateau,Closed Won,6/17/2022,Bouygues Telecom,2022-06-01,Europe,Bouygues Telecom,Customer,Public Platform,Telco,Robert FROGER,1,1138.57,1138.57,Recurring,1138.57,0.0,1138.57,6,Q1
Bouygues Telecom,Campagne TBSI Mesures TDD 5G_Nancy,Europe,Services(R),PO# 00001805,2022060930,6/22/2022,4502325710,Campagne TBSI Mesures TDD 5G_Nancy,USD,641.14,USD,641.14,USD,641.14,0.0,Sylvain Grateau,Closed Won,5/23/2022,Bouygues Telecom,2022-06-01,Europe,Bouygues Telecom,Customer,Public Platform,Telco,Robert FROGER,1,641.14,641.14,Recurring,641.14,0.0,641.14,6,Q1
Bouygues Telecom,Campagne TBSI Mesures 4G 256 QAM_Nantes,Europe,Services(R),PO# 00001804,2022060931,6/22/2022,4502320350,Campagne TBSI Mesures 4G 256 QAM_Nantes,USD,1834.98,USD,1834.98,USD,1834.98,0.0,Sylvain Grateau,Closed Won,5/23/2022,Bouygues Telecom,2022-06-01,Europe,Bouygues Telecom,Customer,Public Platform,Telco,Robert FROGER,1,1834.98,1834.98,Recurring,1834.98,0.0,1834.98,6,Q1
Bouygues Telecom,Campagne TBSI Mesures VoLTE_A6,Europe,Services(R),PO# 00001806,2022060918,6/16/2022,4502320351,Campagne TBSI Mesures VoLTE_A6,USD,1834.98,USD,1834.98,USD,1834.98,0.0,Sylvain Grateau,Closed Won,5/23/2022,Bouygues Telecom,2022-06-01,Europe,Bouygues Telecom,Customer,Public Platform,Telco,Robert FROGER,1,1834.98,1834.98,Recurring,1834.98,0.0,1834.98,6,Q1
Bouygues Telecom,Achat 22 Oppo Find X5 Pro,Europe,Services(R),PO# 00001816,2022060922,6/20/2022,4502324880,Achat 22 Oppo Find X5 Pro,USD,29536.61,USD,29536.61,USD,29536.61,0.0,Sylvain Grateau,Closed Won,6/8/2022,Bouygues Telecom,2022-06-01,Europe,Bouygues Telecom,Customer,Public Platform,Telco,Robert FROGER,1,29536.61,29536.61,Recurring,29536.61,0.0,29536.61,6,Q1
Bouygues Telecom,Campagne TBSI Mesures UL Data Split 4G/5G_Rouen,Europe,Services(R),PO# 00001823,2022060938,6/28/2022,4502327622,Campagne TBSI Mesures UL Data Split 4G/5G_Rouen,USD,2487.18,USD,2487.18,USD,2487.18,0.0,Sylvain Grateau,Closed Won,6/14/2022,Bouygues Telecom,2022-06-01,Europe,Bouygues Telecom,Customer,Public Platform,Telco,Robert FROGER,1,2487.18,2487.18,Recurring,2487.18,0.0,2487.18,6,Q1
Bouygues Telecom,Location Serveurs de Tests et de Stockage - 2022,Europe,Platform(R),PO# 00001721,2022030851,3/21/2022,4502275737,Bouygues - Loc Serveurs Tests et Stockage - 2022,USD,2738.11,USD,228.08,USD,2738.11,0.0,CXO,Closed Won,2/1/2022,Bouygues Telecom,2022-07-01,Europe,Bouygues Telecom,Customer,Public Platform,Telco,Robert FROGER,9,304.2344444444445,304.2344444444445,Recurring,228.08,-76.15444444444447,228.08,7,Q2
Bouygues Telecom,Mise à disposition forfaits 2022,Europe,Services(R),PO# 00001720,2022040871,4/5/2022,4502292929,Mise à disposition forfaits 2022,USD,9587.24,USD,798.62,USD,9587.24,0.0,Sylvain Grateau,Closed Won,1/26/2022,Bouygues Telecom,2022-07-01,Europe,Bouygues Telecom,Customer,Public Platform,Telco,Robert FROGER,9,1065.2488888888888,1065.2488888888888,Recurring,798.62,-266.6288888888888,798.62,7,Q2
Bouygues Telecom,Bouygues - 20 licences 5Gmark Pro - 2022,Europe,Platform(R),PO# 00001468,2022020836,2/21/2022,4502252966,20 licences 5GMARK PRO,USD,30398.83,USD,2532.22,USD,30398.83,0.0,Robert FROGER,Closed Won,2/10/2022,Bouygues Telecom,2022-07-01,Europe,Bouygues Telecom,Customer,Public Platform,Telco,Robert FROGER,9,3377.647777777778,3377.647777777778,Recurring,2532.22,-845.4277777777784,2532.22,7,Q2
Bouygues Telecom,Bouygues - 5Gmark Crowdsourcing 2022,Europe,Platform(R),PO# 00001774,2022070951,7/12/2022,4502256360,Accès aux données crowdsourcing 5GMARK pour 2022 - T3,USD,19897.42,USD,6631.81,USD,19897.42,0.0,Robert FROGER,Closed Won,12/15/2021,Bouygues Telecom,2022-07-01,Europe,Bouygues Telecom,Customer,Public Platform,Telco,Robert FROGER,3,6632.473333333332,6632.473333333332,Recurring,6631.81,-0.6633333333320479,6631.81,7,Q2
Bouygues Telecom,Campagne Multi Opérateur 5G Q3-2022,Europe,Services(R),PO# 00001833,2022080974,8/30/2022,4502338870,Campagne Multi Opérateur 5G Q3-2022,USD,45289.84,USD,22644.92,USD,45289.84,0.0,Sylvain Grateau,Closed Won,4/4/2022,Bouygues Telecom,2022-07-01,Europe,Bouygues Telecom,Customer,Public Platform,Telco,Robert FROGER,2,22644.92,22644.92,Recurring,22644.92,0.0,22644.92,7,Q2
Bouygues Telecom,Campagne TBSOH Mesures UL Data Split 4G/5G_Rouen_Part2,Europe,Services(R),PO# 00001835,2022070950,7/12/2022,4502332745,Campagne TBSOH Mesures UL Data Split 4G/5G_Rouen_Part2,USD,2487.18,USD,2487.18,USD,2487.18,0.0,Sylvain Grateau,Closed Won,7/1/2022,Bouygues Telecom,2022-07-01,Europe,Bouygues Telecom,Customer,Public Platform,Telco,Robert FROGER,1,2487.18,2487.18,Recurring,2487.18,0.0,2487.18,7,Q2
Bouygues Telecom,Campagne TBSI Mesures Débit UL 5G_Lyon,Europe,Services(R),PO# 00001832,2022070952,7/12/2022,4502332378,Campagne TBSI Mesures Débit UL 5G_Lyon,USD,2487.18,USD,2487.18,USD,2487.18,0.0,Sylvain Grateau,Closed Won,6/27/2022,Bouygues Telecom,2022-07-01,Europe,Bouygues Telecom,Customer,Public Platform,Telco,Robert FROGER,1,2487.18,2487.18,Recurring,2487.18,0.0,2487.18,7,Q2
Bouygues Telecom,Campagne Mesures Spécifiques Axe A10,Europe,Services(R),PO# 00001843,20220901002,9/26/2022,4502350615,,USD,1602.85,USD,1602.85,USD,1602.85,0.0,David Yuksel,Closed Won,7/18/2022,Bouygues Telecom,2022-07-01,Europe,Bouygues Telecom,Customer,Public Platform,Telco,Robert FROGER,1,1602.85,1602.85,Recurring,1602.85,0.0,1602.85,7,Q2
Bouygues Telecom,Campagne Mesures Spécifiques Tunnel A6B_2,Europe,Services(R),PO# 00001842,2022090982,9/6/2022,4502345881,,USD,1602.85,USD,1602.85,USD,1602.85,0.0,David Yuksel,Closed Won,7/18/2022,Bouygues Telecom,2022-07-01,Europe,Bouygues Telecom,Customer,Public Platform,Telco,Robert FROGER,1,1602.85,1602.85,Recurring,1602.85,0.0,1602.85,7,Q2
Bouygues Telecom,Campagne Mesures Spécifiques Station E,Europe,Services(R),PO# 00001846,2022090984,9/6/2022,4502345881,,USD,7295.72,USD,3647.86,USD,7295.72,0.0,Sylvain Grateau,Closed Won,7/22/2022,Bouygues Telecom,2022-07-01,Europe,Bouygues Telecom,Customer,Public Platform,Telco,Robert FROGER,2,3647.86,3647.86,Recurring,3647.86,0.0,3647.86,7,Q2
Bouygues Telecom,Location Serveurs de Tests et de Stockage - 2022,Europe,Platform(R),PO# 00001721,2022030851,3/21/2022,4502275737,Bouygues - Loc Serveurs Tests et Stockage - 2022,USD,2738.11,USD,228.08,USD,2738.11,0.0,CXO,Closed Won,2/1/2022,Bouygues Telecom,2022-08-01,Europe,Bouygues Telecom,Customer,Public Platform,Telco,Robert FROGER,9,304.2344444444445,304.2344444444445,Recurring,228.08,-76.15444444444447,228.08,8,Q2
Bouygues Telecom,Mise à disposition forfaits 2022,Europe,Services(R),PO# 00001720,2022040871,4/5/2022,4502292929,Mise à disposition forfaits 2022,USD,9587.24,USD,798.62,USD,9587.24,0.0,Sylvain Grateau,Closed Won,1/26/2022,Bouygues Telecom,2022-08-01,Europe,Bouygues Telecom,Customer,Public Platform,Telco,Robert FROGER,9,1065.2488888888888,1065.2488888888888,Recurring,798.62,-266.6288888888888,798.62,8,Q2
Bouygues Telecom,Bouygues - 20 licences 5Gmark Pro - 2022,Europe,Platform(R),PO# 00001468,2022020836,2/21/2022,4502252966,20 licences 5GMARK PRO,USD,30398.83,USD,2532.22,USD,30398.83,0.0,Robert FROGER,Closed Won,2/10/2022,Bouygues Telecom,2022-08-01,Europe,Bouygues Telecom,Customer,Public Platform,Telco,Robert FROGER,9,3377.647777777778,3377.647777777778,Recurring,2532.22,-845.4277777777784,2532.22,8,Q2
Bouygues Telecom,Bouygues - 5Gmark Crowdsourcing 2022,Europe,Platform(R),PO# 00001774,2022070951,7/12/2022,4502256360,Accès aux données crowdsourcing 5GMARK pour 2022 - T3,USD,19897.42,USD,6631.81,USD,19897.42,0.0,Robert FROGER,Closed Won,12/15/2021,Bouygues Telecom,2022-08-01,Europe,Bouygues Telecom,Customer,Public Platform,Telco,Robert FROGER,3,6632.473333333332,6632.473333333332,Recurring,6631.81,-0.6633333333320479,6631.81,8,Q2
Bouygues Telecom,Campagne Multi Opérateur 5G Q3-2022,Europe,Services(R),PO# 00001833,2022080974,8/30/2022,4502338870,Campagne Multi Opérateur 5G Q3-2022,USD,45289.84,USD,22644.92,USD,45289.84,0.0,Sylvain Grateau,Closed Won,4/4/2022,Bouygues Telecom,2022-08-01,Europe,Bouygues Telecom,Customer,Public Platform,Telco,Robert FROGER,2,22644.92,22644.92,Recurring,22644.92,0.0,22644.92,8,Q2
Bouygues Telecom,Campagne TBSI Mesures Comparaison Scanner,Europe,Services(R),PO# 00001852,2022080976,8/30/2022,4502347144,Campagne TBSI Mesures Comparaison Scanner,USD,917.49,USD,917.49,USD,917.49,0.0,Sylvain Grateau,Closed Won,8/19/2022,Bouygues Telecom,2022-08-01,Europe,Bouygues Telecom,Customer,Public Platform,Telco,Robert FROGER,1,917.49,917.49,Recurring,917.49,0.0,917.49,8,Q2
Bouygues Telecom,Campagne Mesures Spécifiques Tunnel A86 Duplex-2,Europe,Services(R),PO# 00001860,20220901000,9/26/2022,4502350615,,USD,3559.43,USD,3559.43,USD,3559.43,0.0,David Yuksel,Closed Won,8/19/2022,Bouygues Telecom,2022-08-01,Europe,Bouygues Telecom,Customer,Public Platform,Telco,Robert FROGER,1,3559.43,3559.43,Recurring,3559.43,0.0,3559.43,8,Q2
Bouygues Telecom,Campagne TBSOE Mesures Débit UL 5G_Lyon_part2,Europe,Services(R),PO# 00001850,2022080978,8/30/2022,4502347146,Campagne TBSOE Mesures Débit UL 5G_Lyon_part2,USD,2487.18,USD,2487.18,USD,2487.18,0.0,Sylvain Grateau,Closed Won,8/17/2022,Bouygues Telecom,2022-08-01,Europe,Bouygues Telecom,Customer,Public Platform,Telco,Robert FROGER,1,2487.18,2487.18,Recurring,2487.18,0.0,2487.18,8,Q2
Bouygues Telecom,Campagne Mesures Spécifiques Station E,Europe,Services(R),PO# 00001846,2022090984,9/6/2022,4502345881,,USD,7295.72,USD,3647.86,USD,7295.72,0.0,Sylvain Grateau,Closed Won,7/22/2022,Bouygues Telecom,2022-08-01,Europe,Bouygues Telecom,Customer,Public Platform,Telco,Robert FROGER,2,3647.86,3647.86,Recurring,3647.86,0.0,3647.86,8,Q2
Bouygues Telecom,Campagne Mesures Spécifiques Bercy 2 CC,Europe,Services(R),PO# 00001847,20220901001,9/26/2022,4502350615,,USD,1409.4,USD,1409.4,USD,1409.4,0.0,David Yuksel,Closed Won,8/12/2022,Bouygues Telecom,2022-08-01,Europe,Bouygues Telecom,Customer,Public Platform,Telco,Robert FROGER,1,1409.4,1409.4,Recurring,1409.4,0.0,1409.4,8,Q2
Bouygues Telecom,Campagne TBSI Mesures 5G iPhone 13,Europe,Services(R),PO# 00001853,2022080975,8/30/2022,4502347145,Campagne TBSI Mesures 5G iPhone 13,USD,409.0,USD,409.0,USD,409.0,0.0,Sylvain Grateau,Closed Won,8/24/2022,Bouygues Telecom,2022-08-01,Europe,Bouygues Telecom,Customer,Public Platform,Telco,Robert FROGER,1,409.0,409.0,Recurring,409.0,0.0,409.0,8,Q2
Bouygues Telecom,Location Serveurs de Tests et de Stockage - 2022,Europe,Platform(R),PO# 00001721,2022030851,3/21/2022,4502275737,Bouygues - Loc Serveurs Tests et Stockage - 2022,USD,2738.11,USD,228.36,USD,2738.11,0.0,CXO,Closed Won,2/1/2022,Bouygues Telecom,2022-09-01,Europe,Bouygues Telecom,Customer,Public Platform,Telco,Robert FROGER,9,304.2344444444445,304.2344444444445,Recurring,228.36,-75.87444444444446,228.36,9,Q2
Bouygues Telecom,Mise à disposition forfaits 2022,Europe,Services(R),PO# 00001720,2022040871,4/5/2022,4502292929,Mise à disposition forfaits 2022,USD,9587.24,USD,799.58,USD,9587.24,0.0,Sylvain Grateau,Closed Won,1/26/2022,Bouygues Telecom,2022-09-01,Europe,Bouygues Telecom,Customer,Public Platform,Telco,Robert FROGER,9,1065.2488888888888,1065.2488888888888,Recurring,799.58,-265.6688888888888,799.58,9,Q2
Bouygues Telecom,Bouygues - 20 licences 5Gmark Pro - 2022,Europe,Platform(R),PO# 00001468,2022020836,2/21/2022,4502252966,20 licences 5GMARK PRO,USD,30398.83,USD,2535.26,USD,30398.83,0.0,Robert FROGER,Closed Won,2/10/2022,Bouygues Telecom,2022-09-01,Europe,Bouygues Telecom,Customer,Public Platform,Telco,Robert FROGER,9,3377.647777777778,3377.647777777778,Recurring,2535.26,-842.387777777778,2535.26,9,Q2
Bouygues Telecom,Bouygues - 5Gmark Crowdsourcing 2022,Europe,Platform(R),PO# 00001774,2022070951,7/12/2022,4502256360,Accès aux données crowdsourcing 5GMARK pour 2022 - T3,USD,19897.42,USD,6633.8,USD,19897.42,0.0,Robert FROGER,Closed Won,12/15/2021,Bouygues Telecom,2022-09-01,Europe,Bouygues Telecom,Customer,Public Platform,Telco,Robert FROGER,3,6632.473333333332,6632.473333333332,Recurring,6633.8,1.3266666666677338,6633.8,9,Q2
Bouygues Telecom,Campagne ZE DL Slot Blanking,Europe,Services(R),PO# 00001857,2022090993,9/20/2022,4502354684,Campagne ZE DL Slot Blanking,USD,3266.49,USD,3266.49,USD,3266.49,0.0,Sylvain Grateau,Closed Won,9/8/2022,Bouygues Telecom,2022-09-01,Europe,Bouygues Telecom,Customer,Public Platform,Telco,Robert FROGER,1,3266.49,3266.49,Recurring,3266.49,0.0,3266.49,9,Q2
Bouygues Telecom,Campagne ZE Eco Energie Huawei,Europe,Services(R),PO# 00001858,20221001011,10/13/2022,4502355491,Campagne ZE Eco Energie Huawei,USD,7229.4,USD,7229.4,USD,7229.4,0.0,Sylvain Grateau,Closed Won,9/8/2022,Bouygues Telecom,2022-09-01,Europe,Bouygues Telecom,Customer,Public Platform,Telco,Robert FROGER,1,7229.4,7229.4,Recurring,7229.4,0.0,7229.4,9,Q2
Bouygues Telecom,Campagne Mesures Spécifiques Champs Elysées,Europe,Services(R),PO# 00001862,20220901003,9/26/2022,4502352640,,USD,1602.85,USD,1602.85,USD,1602.85,0.0,David Yuksel,Closed Won,9/12/2022,Bouygues Telecom,2022-09-01,Europe,Bouygues Telecom,Customer,Public Platform,Telco,Robert FROGER,1,1602.85,1602.85,Recurring,1602.85,0.0,1602.85,9,Q2
Bouygues Telecom,Campagne ZE Eco Energie Montpellier,Europe,Services(R),PO# 00001859,20221001015,10/18/2022,4502354685,Campagne ZE Eco Energie Montpellier,USD,10081.36,USD,10081.36,USD,10081.36,0.0,Sylvain Grateau,Closed Won,9/8/2022,Bouygues Telecom,2022-09-01,Europe,Bouygues Telecom,Customer,Public Platform,Telco,Robert FROGER,1,10081.36,10081.36,Recurring,10081.36,0.0,10081.36,9,Q2
Bouygues Telecom,Campagne Mesures Spécifiques Zones ARP,Europe,Services(R),PO# 00001856,20221001016,10/20/2022,4502352618,,USD,6743.01,USD,6743.01,USD,6743.01,0.0,David Yuksel,Closed Won,10/21/2022,Bouygues Telecom,2022-09-01,Europe,Bouygues Telecom,Customer,Public Platform,Telco,Robert FROGER,1,6743.01,6743.01,Recurring,6743.01,0.0,6743.01,9,Q2
Bouygues Telecom,Campagne Mesures Spécifiques Paris A13,Europe,Services(R),PO# 00001875,20221001006,10/6/2022,4502360276,,USD,1602.85,USD,1602.85,USD,1602.85,0.0,David Yuksel,Closed Won,10/6/2022,Bouygues Telecom,2022-09-01,Europe,Bouygues Telecom,Customer,Public Platform,Telco,Robert FROGER,1,1602.85,1602.85,Recurring,1602.85,0.0,1602.85,9,Q2
Bouygues Telecom,Campagne TBPC Mesures 4G-5G_Lyon,Europe,Services(R),PO# 00001854,2022090989,9/19/2022,4502350064,Campagne TBPC Mesures 4G-5G_Lyon,USD,1702.33,USD,1702.33,USD,1702.33,0.0,Sylvain Grateau,Closed Won,8/26/2022,Bouygues Telecom,2022-09-01,Europe,Bouygues Telecom,Customer,Public Platform,Telco,Robert FROGER,1,1702.33,1702.33,Recurring,1702.33,0.0,1702.33,9,Q2
Bouygues Telecom,Campagne Multi Opérateur 5G Q4-2022,Europe,Services(R),PO# 00001866,20221101037,11/16/2022,4502361588,Campagne Multi Opérateur 5G Q4-2022,USD,77089.23,USD,38544.61,USD,77089.23,0.0,Sylvain Grateau,Closed Won,9/19/2022,Bouygues Telecom,2022-09-01,Europe,Bouygues Telecom,Customer,Public Platform,Telco,Robert FROGER,2,38544.615,38544.615,Recurring,38544.61,-0.004999999997380655,38544.61,9,Q2
Bouygues Telecom,Campagne Mesures Spécifiques Paris Cognac-Jay,Europe,Services(R),PO# 00001867,20221001005,10/6/2022,4502360275,,USD,1602.85,USD,1602.85,USD,1602.85,0.0,David Yuksel,Closed Won,9/20/2022,Bouygues Telecom,2022-09-01,Europe,Bouygues Telecom,Customer,Public Platform,Telco,Robert FROGER,1,1602.85,1602.85,Recurring,1602.85,0.0,1602.85,9,Q2
Bouygues Telecom,Location Serveurs de Tests et de Stockage - 2022,Europe,Platform(R),PO# 00001721,2022030851,3/21/2022,4502275737,Bouygues - Loc Serveurs Tests et Stockage - 2022,USD,2738.11,USD,228.08,USD,2738.11,0.0,CXO,Closed Won,2/1/2022,Bouygues Telecom,2022-10-01,Europe,Bouygues Telecom,Customer,Public Platform,Telco,Robert FROGER,9,304.2344444444445,304.2344444444445,Recurring,228.08,-76.15444444444447,228.08,10,Q3
Bouygues Telecom,Mise à disposition forfaits 2022,Europe,Services(R),PO# 00001720,2022040871,4/5/2022,4502292929,Mise à disposition forfaits 2022,USD,9587.24,USD,798.62,USD,9587.24,0.0,Sylvain Grateau,Closed Won,1/26/2022,Bouygues Telecom,2022-10-01,Europe,Bouygues Telecom,Customer,Public Platform,Telco,Robert FROGER,9,1065.2488888888888,1065.2488888888888,Recurring,798.62,-266.6288888888888,798.62,10,Q3
Bouygues Telecom,Bouygues - 20 licences 5Gmark Pro - 2022,Europe,Platform(R),PO# 00001468,2022020836,2/21/2022,4502252966,20 licences 5GMARK PRO,USD,30398.83,USD,2532.22,USD,30398.83,0.0,Robert FROGER,Closed Won,2/10/2022,Bouygues Telecom,2022-10-01,Europe,Bouygues Telecom,Customer,Public Platform,Telco,Robert FROGER,9,3377.647777777778,3377.647777777778,Recurring,2532.22,-845.4277777777784,2532.22,10,Q3
Bouygues Telecom,Bouygues - 5Gmark Crowdsourcing 2022,Europe,Platform(R),PO# 00001775,20221001010,10/13/2022,4502256360,Accès aux données crowdsourcing 5GMARK pour 2022 - T4,USD,19897.42,USD,6631.81,USD,19897.42,0.0,Robert FROGER,Closed Won,12/15/2021,Bouygues Telecom,2022-10-01,Europe,Bouygues Telecom,Customer,Public Platform,Telco,Robert FROGER,3,6632.473333333332,6632.473333333332,Recurring,6631.81,-0.6633333333320479,6631.81,10,Q3
Bouygues Telecom,Campagne Mesures Spécifiques RATP GLOBAL 4,Europe,Services(R),PO# 00001861,,,,,,,USD,14304.03,USD,14304.03,0.0,David Yuksel,Closed Won,9/12/2022,Bouygues Telecom,2022-10-01,Europe,Bouygues Telecom,Customer,Public Platform,Telco,Robert FROGER,1,0.0,14304.03,Recurring,14304.03,14304.03,14304.03,10,Q3
Bouygues Telecom,Campagne TBSOE Mesures VoLTE Uplink Triggered Mobility,Europe,Services(R),PO# 00001864,20221101020,11/2/2022,4502361587,Campagne TBSOE Mesures VoLTE Uplink Triggered Mobility,USD,2255.04,USD,2255.04,USD,2255.04,0.0,Sylvain Grateau,Closed Won,9/14/2022,Bouygues Telecom,2022-10-01,Europe,Bouygues Telecom,Customer,Public Platform,Telco,Robert FROGER,1,2255.04,2255.04,Recurring,2255.04,0.0,2255.04,10,Q3
Bouygues Telecom,Campagne Mesures Spécifiques Paris Assemblée Nationale,Europe,Services(R),PO# 00001879,20221101038,11/17/2022,4502375186,,USD,4421.65,USD,4421.65,USD,4421.65,0.0,David Yuksel,Closed Won,10/13/2022,Bouygues Telecom,2022-10-01,Europe,Bouygues Telecom,Customer,Public Platform,Telco,Robert FROGER,1,4421.65,4421.65,Recurring,4421.65,0.0,4421.65,10,Q3
Bouygues Telecom,Campagne TBSI Mise à disposition Sims Free-Orange,Europe,Services(R),PO# 00001877,20221001009,10/13/2022,4502360783,Campagne TBSI Mise à disposition Sims Free-Orange,USD,464.27,USD,464.27,USD,464.27,0.0,Sylvain Grateau,Closed Won,9/30/2022,Bouygues Telecom,2022-10-01,Europe,Bouygues Telecom,Customer,Public Platform,Telco,Robert FROGER,1,464.27,464.27,Recurring,464.27,0.0,464.27,10,Q3
Bouygues Telecom,Campagne Multi Opérateur 5G Q4-2022,Europe,Services(R),PO# 00001866,20221101037,11/16/2022,4502361588,Campagne Multi Opérateur 5G Q4-2022,USD,77089.23,USD,38544.61,USD,77089.23,0.0,Sylvain Grateau,Closed Won,9/19/2022,Bouygues Telecom,2022-10-01,Europe,Bouygues Telecom,Customer,Public Platform,Telco,Robert FROGER,2,38544.615,38544.615,Recurring,38544.61,-0.004999999997380655,38544.61,10,Q3
Bouygues Telecom,Campagne TBSI Mesures 4G-5G_Van et chauffeur,Europe,Services(R),PO# 00001881,20221001014,10/17/2022,4502364765,Campagne TBSI Mesures 4G-5G_Van et chauffeur,USD,276.35,USD,276.35,USD,276.35,0.0,Sylvain Grateau,Closed Won,10/13/2022,Bouygues Telecom,2022-10-01,Europe,Bouygues Telecom,Customer,Public Platform,Telco,Robert FROGER,1,276.35,276.35,Recurring,276.35,0.0,276.35,10,Q3
Bouygues Telecom,Location Serveurs de Tests et de Stockage - 2022,Europe,Platform(R),PO# 00001721,2022030851,3/21/2022,4502275737,Bouygues - Loc Serveurs Tests et Stockage - 2022,USD,2738.11,USD,228.08,USD,2738.11,0.0,CXO,Closed Won,2/1/2022,Bouygues Telecom,2022-11-01,Europe,Bouygues Telecom,Customer,Public Platform,Telco,Robert FROGER,9,304.2344444444445,304.2344444444445,Recurring,228.08,-76.15444444444447,228.08,11,Q3
Bouygues Telecom,Mise à disposition forfaits 2022,Europe,Services(R),PO# 00001720,2022040871,4/5/2022,4502292929,Mise à disposition forfaits 2022,USD,9587.24,USD,798.62,USD,9587.24,0.0,Sylvain Grateau,Closed Won,1/26/2022,Bouygues Telecom,2022-11-01,Europe,Bouygues Telecom,Customer,Public Platform,Telco,Robert FROGER,9,1065.2488888888888,1065.2488888888888,Recurring,798.62,-266.6288888888888,798.62,11,Q3
Bouygues Telecom,Bouygues - 20 licences 5Gmark Pro - 2022,Europe,Platform(R),PO# 00001468,2022020836,2/21/2022,4502252966,20 licences 5GMARK PRO,USD,30398.83,USD,2532.22,USD,30398.83,0.0,Robert FROGER,Closed Won,2/10/2022,Bouygues Telecom,2022-11-01,Europe,Bouygues Telecom,Customer,Public Platform,Telco,Robert FROGER,9,3377.647777777778,3377.647777777778,Recurring,2532.22,-845.4277777777784,2532.22,11,Q3
Bouygues Telecom,Bouygues - 5Gmark Crowdsourcing 2022,Europe,Platform(R),PO# 00001775,20221001010,10/13/2022,4502256360,Accès aux données crowdsourcing 5GMARK pour 2022 - T4,USD,19897.42,USD,6631.81,USD,19897.42,0.0,Robert FROGER,Closed Won,12/15/2021,Bouygues Telecom,2022-11-01,Europe,Bouygues Telecom,Customer,Public Platform,Telco,Robert FROGER,3,6632.473333333332,6632.473333333332,Recurring,6631.81,-0.6633333333320479,6631.81,11,Q3
Bouygues Telecom,Campagne Mesures Spécifiques Porte Dauphine Bois Boulogne,Europe,Services(R),PO# 00001895,20221101050,11/21/2022,4502376908,,USD,1602.85,USD,1602.85,USD,1602.85,0.0,David Yuksel,Closed Won,11/17/2022,Bouygues Telecom,2022-11-01,Europe,Bouygues Telecom,Customer,Public Platform,Telco,Robert FROGER,1,1602.85,1602.85,Recurring,1602.85,0.0,1602.85,11,Q3
Bouygues Telecom,Campagne TBSI Mesures Pilote FDD M-MIMO Nantes S46-S50,Europe,Services(R),PO# 00001894,20221201058,12/14/2022,4502378852,Campagne TBSI Mesures Pilote FDD M-MIMO Nantes S46-S50,USD,16227.45,USD,8113.72,USD,16227.45,0.0,Sylvain Grateau,Closed Won,11/9/2022,Bouygues Telecom,2022-11-01,Europe,Bouygues Telecom,Customer,Public Platform,Telco,Robert FROGER,2,8113.725,8113.725,Recurring,8113.72,-0.005000000000109139,8113.72,11,Q3
Bouygues Telecom,Campagne TBSOE Mesures 5G NR CA_Roanne,Europe,Services(R),PO# 00001905,20221201055,12/7/2022,4502383670,Campagne TBSOE Mesures 5G NR CA_Roanne,USD,4056.86,USD,4056.86,USD,4056.86,0.0,Sylvain Grateau,Closed Won,11/23/2022,Bouygues Telecom,2022-11-01,Europe,Bouygues Telecom,Customer,Public Platform,Telco,Robert FROGER,1,4056.86,4056.86,Recurring,4056.86,0.0,4056.86,11,Q3
Bouygues Telecom,Campagne Mesures Spécifiques axe A10_2,Europe,Services(R),PO# 00001893,20221101051,11/24/2022,4502378461,,USD,1602.85,USD,1602.85,USD,1602.85,0.0,David Yuksel,Closed Won,11/17/2022,Bouygues Telecom,2022-11-01,Europe,Bouygues Telecom,Customer,Public Platform,Telco,Robert FROGER,1,1602.85,1602.85,Recurring,1602.85,0.0,1602.85,11,Q3
Bouygues Telecom,Campagne Mesures Spécifiques Tram T2,Europe,Services(R),PO# 00001891,20221101039,11/17/2022,4502375186,,USD,1215.95,USD,1215.95,USD,1215.95,0.0,David Yuksel,Closed Won,11/10/2022,Bouygues Telecom,2022-11-01,Europe,Bouygues Telecom,Customer,Public Platform,Telco,Robert FROGER,1,1215.95,1215.95,Recurring,1215.95,0.0,1215.95,11,Q3
Bouygues Telecom,Campagne Mesures Spécifiques Meudon,Europe,Services(R),PO# 00001890,20221101040,11/17/2022,4502375186,,USD,1602.85,USD,1602.85,USD,1602.85,0.0,David Yuksel,Closed Won,11/10/2022,Bouygues Telecom,2022-11-01,Europe,Bouygues Telecom,Customer,Public Platform,Telco,Robert FROGER,1,1602.85,1602.85,Recurring,1602.85,0.0,1602.85,11,Q3
Bouygues Telecom,Campagne Mesures Spécifiques Zones ARP Global,Europe,Services(R),PO# 00001892,,,,,,,USD,57899.39,USD,173715.51,0.0,David Yuksel,Closed Won,11/9/2022,Bouygues Telecom,2022-11-01,Europe,Bouygues Telecom,Customer,Public Platform,Telco,Robert FROGER,3,0.0,57905.170000000006,Recurring,57899.39,57899.39,57899.39,11,Q3
Bouygues Telecom,Campagne Mesures Spécifiques Ligne N Versailles-Rambouillet,Europe,Services(R),PO# 00001900,,,4502378461,,,,USD,1215.95,USD,1215.95,0.0,David Yuksel,Closed Won,11/24/2022,Bouygues Telecom,2022-11-01,Europe,Bouygues Telecom,Customer,Public Platform,Telco,Robert FROGER,1,0.0,1215.95,Recurring,1215.95,1215.95,1215.95,11,Q3
Bouygues Telecom,Campagne Multi Opérateur 5G Q4-2022,Europe,Services(R),PO# 00001899,20221201061,12/15/2022,4502361588,Campagne Multi Opérateur 5G Q4-2022-part2,USD,77089.23,USD,38544.61,USD,77089.23,0.0,Sylvain Grateau,Closed Won,9/19/2022,Bouygues Telecom,2022-11-01,Europe,Bouygues Telecom,Customer,Public Platform,Telco,Robert FROGER,2,38544.615,38544.615,Recurring,38544.61,-0.004999999997380655,38544.61,11,Q3
Bouygues Telecom,Campagne Mesures Spécifiques Axes-IDF_2,Europe,Services(R),PO# 00001908,,,,,,,USD,3511.07,USD,10639.59,0.0,David Yuksel,Closed Won,11/19/2022,Bouygues Telecom,2022-11-01,Europe,Bouygues Telecom,Customer,Public Platform,Telco,Robert FROGER,3,0.0,3546.53,Recurring,3511.07,3511.07,3511.07,11,Q3
Bouygues Telecom,Location Serveurs de Tests et de Stockage - 2022,Europe,Platform(R),PO# 00001721,2022030851,3/21/2022,4502275737,Bouygues - Loc Serveurs Tests et Stockage - 2022,USD,2738.11,USD,228.36,USD,2738.11,0.0,CXO,Closed Won,2/1/2022,Bouygues Telecom,2022-12-01,Europe,Bouygues Telecom,Customer,Public Platform,Telco,Robert FROGER,9,304.2344444444445,304.2344444444445,Recurring,228.36,-75.87444444444446,228.36,12,Q3
Bouygues Telecom,Mise à disposition forfaits 2022,Europe,Services(R),PO# 00001720,2022040871,4/5/2022,4502292929,Mise à disposition forfaits 2022,USD,9587.24,USD,799.58,USD,9587.24,0.0,Sylvain Grateau,Closed Won,1/26/2022,Bouygues Telecom,2022-12-01,Europe,Bouygues Telecom,Customer,Public Platform,Telco,Robert FROGER,9,1065.2488888888888,1065.2488888888888,Recurring,799.58,-265.6688888888888,799.58,12,Q3
Bouygues Telecom,Bouygues - 20 licences 5Gmark Pro - 2022,Europe,Platform(R),PO# 00001468,2022020836,2/21/2022,4502252966,20 licences 5GMARK PRO,USD,30398.83,USD,2535.26,USD,30398.83,0.0,Robert FROGER,Closed Won,2/10/2022,Bouygues Telecom,2022-12-01,Europe,Bouygues Telecom,Customer,Public Platform,Telco,Robert FROGER,9,3377.647777777778,3377.647777777778,Recurring,2535.26,-842.387777777778,2535.26,12,Q3
Bouygues Telecom,Bouygues - 5Gmark Crowdsourcing 2022,Europe,Platform(R),PO# 00001775,20221001010,10/13/2022,4502256360,Accès aux données crowdsourcing 5GMARK pour 2022 - T4,USD,19897.42,USD,6633.8,USD,19897.42,0.0,Robert FROGER,Closed Won,12/15/2021,Bouygues Telecom,2022-12-01,Europe,Bouygues Telecom,Customer,Public Platform,Telco,Robert FROGER,3,6632.473333333332,6632.473333333332,Recurring,6633.8,1.3266666666677338,6633.8,12,Q3
Bouygues Telecom,Campagne TBSI Mesures Scanner 4G_IDF 93,Europe,Services(R),PO# 00001913,20221201065,12/27/2022,4502388294,Campagne TBSI Mesures Scanner 4G_IDF 93,USD,3272.02,USD,3272.02,USD,3272.02,0.0,Sylvain Grateau,Closed Won,12/2/2022,Bouygues Telecom,2022-12-01,Europe,Bouygues Telecom,Customer,Public Platform,Telco,Robert FROGER,1,3272.02,3272.02,Recurring,3272.02,0.0,3272.02,12,Q3
Bouygues Telecom,Campagne TBSI Mesures Pilote FDD M-MIMO Nantes S46-S50,Europe,Services(R),PO# 00001894,20221201058,12/14/2022,4502378852,Campagne TBSI Mesures Pilote FDD M-MIMO Nantes S46-S50,USD,16227.45,USD,8113.72,USD,16227.45,0.0,Sylvain Grateau,Closed Won,11/9/2022,Bouygues Telecom,2022-12-01,Europe,Bouygues Telecom,Customer,Public Platform,Telco,Robert FROGER,2,8113.725,8113.725,Recurring,8113.72,-0.005000000000109139,8113.72,12,Q3
Bouygues Telecom,Campagne Multi Opérateur TGV,Europe,Services(R),PO# 00001926,20221201063,12/27/2022,4502384731,Campagne Multi Opérateur TGV,USD,3048.73,USD,3048.73,USD,3048.73,0.0,Sylvain Grateau,Closed Won,12/5/2022,Bouygues Telecom,2022-12-01,Europe,Bouygues Telecom,Customer,Public Platform,Telco,Robert FROGER,1,3048.73,3048.73,Recurring,3048.73,0.0,3048.73,12,Q3
Bouygues Telecom,Campagne Mesures Spécifiques Zones ARP Global,Europe,Services(R),PO# 00001892,,,,,,,USD,57899.39,USD,173715.51,0.0,David Yuksel,Closed Won,11/9/2022,Bouygues Telecom,2022-12-01,Europe,Bouygues Telecom,Customer,Public Platform,Telco,Robert FROGER,3,0.0,57905.170000000006,Recurring,57899.39,57899.39,57899.39,12,Q3
Bouygues Telecom,Campagne Multi Opérateur 5G Q4-2022,Europe,Services(R),PO# 00001899,20221201061,12/15/2022,4502361588,Campagne Multi Opérateur 5G Q4-2022-part2,USD,77089.23,USD,38544.61,USD,77089.23,0.0,Sylvain Grateau,Closed Won,9/19/2022,Bouygues Telecom,2022-12-01,Europe,Bouygues Telecom,Customer,Public Platform,Telco,Robert FROGER,2,38544.615,38544.615,Recurring,38544.61,-0.004999999997380655,38544.61,12,Q3
Bouygues Telecom,Campagne Mesures Spécifiques Axes-IDF_2,Europe,Services(R),PO# 00001908,,,,,,,USD,3511.07,USD,10639.59,0.0,David Yuksel,Closed Won,11/19/2022,Bouygues Telecom,2022-12-01,Europe,Bouygues Telecom,Customer,Public Platform,Telco,Robert FROGER,3,0.0,3546.53,Recurring,3511.07,3511.07,3511.07,12,Q3
Bouygues Telecom,Campagne TBSI Mesures Pilote FDD M-MIMO Nantes S46-S50,Europe,Services(R),PO# 00001959,20221201064,12/27/2022,4502388293,Campagne TBSI Mesures Pilote FDD M-MIMO Nantes S46-S50,USD,4056.86,USD,4056.86,USD,4056.86,0.0,Sylvain Grateau,Closed Won,11/9/2022,Bouygues Telecom,2022-12-01,Europe,Bouygues Telecom,Customer,Public Platform,Telco,Robert FROGER,1,4056.86,4056.86,Recurring,4056.86,0.0,4056.86,12,Q3
Bouygues Telecom,BOUYGUES CDS T1 2023,Europe,Services(R),PO# 00001591,,,,DPR T1 2023,,,USD,22550.41,USD,66324.73,0.0,Ali Boudaoud,Negotiation,1/16/2023,Bouygues Telecom,2023-01-01,Europe,Bouygues Telecom,Customer,Public Platform,Telco,Robert FROGER,3,0.0,22108.243333333332,Recurring,22550.41,22550.41,22550.41,1,Q4
Bouygues Telecom,BOUYGUES CDS T1 2023,Europe,Services(R),PO# 00001592,,,,TBSI T1 2023,,,USD,20671.21,USD,60797.67,0.0,Ali Boudaoud,Negotiation,1/16/2023,Bouygues Telecom,2023-01-01,Europe,Bouygues Telecom,Customer,Public Platform,Telco,Robert FROGER,3,0.0,20265.89,Recurring,20671.21,20671.21,20671.21,1,Q4
Bouygues Telecom,BOUYGUES CDS T1 2023,Europe,Services(R),PO# 00001589,,,,DCI T1 2023,,,USD,22550.41,USD,66324.73,0.0,Ali Boudaoud,Negotiation,1/16/2023,Bouygues Telecom,2023-01-01,Europe,Bouygues Telecom,Customer,Public Platform,Telco,Robert FROGER,3,0.0,22108.243333333332,Recurring,22550.41,22550.41,22550.41,1,Q4
Bouygues Telecom,BOUYGUES CDS T1 2023,Europe,Services(R),PO# 00001590,,,,IDF T1 2023,,,USD,22550.41,USD,66324.73,0.0,Ali Boudaoud,Negotiation,1/16/2023,Bouygues Telecom,2023-01-01,Europe,Bouygues Telecom,Customer,Public Platform,Telco,Robert FROGER,3,0.0,22108.243333333332,Recurring,22550.41,22550.41,22550.41,1,Q4
Bouygues Telecom,Campagne Tests Statiques 5G CSI-RS_Velizy,Europe,Services(R),PO# 00002083,,,4502399841,Campagne Tests Statiques 5G CSI-RS_Velizy,,,USD,641.14,USD,641.14,0.0,Sylvain Grateau,Closed Won,1/11/2023,Bouygues Telecom,2023-01-01,Europe,Bouygues Telecom,Customer,Public Platform,Telco,Robert FROGER,1,0.0,641.14,Recurring,641.14,641.14,641.14,1,Q4
Bouygues Telecom,Bouygues - 10 licences 5GMark Pro 2023,Europe,Platform(R),PO# 00002073,,,4502402071,,,,USD,1381.21,USD,16581.18,0.0,CXO,Closed Won,1/25/2023,Bouygues Telecom,2023-01-01,Europe,Bouygues Telecom,Customer,Public Platform,Telco,Robert FROGER,3,0.0,5527.06,Recurring,1381.21,1381.21,1381.21,1,Q4
Bouygues Telecom,Campagne Multi Opérateur 5G Q1-2023,Europe,Services(R),PO# 00002074,,,4502402870,Campagne Multi Opérateur 5G Q1-2023,,,USD,22330.01,USD,67666.7,0.0,Sylvain Grateau,Closed Won,1/5/2023,Bouygues Telecom,2023-01-01,Europe,Bouygues Telecom,Customer,Public Platform,Telco,Robert FROGER,3,0.0,22555.566666666666,Recurring,22330.01,22330.01,22330.01,1,Q4
Bouygues Telecom,Campagne Mesures Spécifiques Zones ARP Global,Europe,Services(R),PO# 00001892,,,,,,,USD,57916.75,USD,173715.51,0.0,David Yuksel,Closed Won,11/9/2022,Bouygues Telecom,2023-01-01,Europe,Bouygues Telecom,Customer,Public Platform,Telco,Robert FROGER,3,0.0,57905.170000000006,Recurring,57916.75,57916.75,57916.75,1,Q4
Bouygues Telecom,Campagne Mesures Spécifiques Axes-IDF_2,Europe,Services(R),PO# 00001908,,,,,,,USD,3617.46,USD,10639.59,0.0,David Yuksel,Closed Won,11/19/2022,Bouygues Telecom,2023-01-01,Europe,Bouygues Telecom,Customer,Public Platform,Telco,Robert FROGER,3,0.0,3546.53,Recurring,3617.46,3617.46,3617.46,1,Q4
Bouygues Telecom,Mise à disposition forfaits 2023,Europe,Services(R),PO# 00002100,,,,Mise à disposition forfaits 2023,,,USD,460.4,USD,5527.06,0.0,Sylvain Grateau,Closed Won,1/24/2023,Bouygues Telecom,2023-01-01,Europe,Bouygues Telecom,Customer,Public Platform,Telco,Robert FROGER,3,0.0,1842.3533333333335,Recurring,460.4,460.4,460.4,1,Q4
Bouygues Telecom,Mesures Data Spécifiques - S04,Europe,Services(R),PO# 00002096,,,4502402871,Mesures Data Spécifiques - S04,,,USD,1149.63,USD,1149.63,0.0,Sylvain Grateau,Closed Won,1/20/2023,Bouygues Telecom,2023-01-01,Europe,Bouygues Telecom,Customer,Public Platform,Telco,Robert FROGER,1,0.0,1149.63,Recurring,1149.63,1149.63,1149.63,1,Q4
Bouygues Telecom,BOUYGUES CDS T1 2023,Europe,Services(R),PO# 00001591,,,,DPR T1 2023,,,USD,21887.16,USD,66324.73,0.0,Ali Boudaoud,Negotiation,1/16/2023,Bouygues Telecom,2023-02-01,Europe,Bouygues Telecom,Customer,Public Platform,Telco,Robert FROGER,3,0.0,22108.243333333332,Recurring,21887.16,21887.16,21887.16,2,Q4
Bouygues Telecom,BOUYGUES CDS T1 2023,Europe,Services(R),PO# 00001592,,,,TBSI T1 2023,,,USD,20063.23,USD,60797.67,0.0,Ali Boudaoud,Negotiation,1/16/2023,Bouygues Telecom,2023-02-01,Europe,Bouygues Telecom,Customer,Public Platform,Telco,Robert FROGER,3,0.0,20265.89,Recurring,20063.23,20063.23,20063.23,2,Q4
Bouygues Telecom,BOUYGUES CDS T1 2023,Europe,Services(R),PO# 00001589,,,,DCI T1 2023,,,USD,21887.16,USD,66324.73,0.0,Ali Boudaoud,Negotiation,1/16/2023,Bouygues Telecom,2023-02-01,Europe,Bouygues Telecom,Customer,Public Platform,Telco,Robert FROGER,3,0.0,22108.243333333332,Recurring,21887.16,21887.16,21887.16,2,Q4
Bouygues Telecom,BOUYGUES CDS T1 2023,Europe,Services(R),PO# 00001590,,,,IDF T1 2023,,,USD,21887.16,USD,66324.73,0.0,Ali Boudaoud,Negotiation,1/16/2023,Bouygues Telecom,2023-02-01,Europe,Bouygues Telecom,Customer,Public Platform,Telco,Robert FROGER,3,0.0,22108.243333333332,Recurring,21887.16,21887.16,21887.16,2,Q4
Bouygues Telecom,Parcours User ExpérienceZones ADP,Europe,Services(R),PO# 00002084,,,,,,,USD,14152.59,USD,20217.99,0.0,Ali Boudaoud,Closed Won,1/13/2023,Bouygues Telecom,2023-02-01,Europe,Bouygues Telecom,Customer,Public Platform,Telco,Robert FROGER,2,0.0,10108.995,Recurring,14152.59,14152.59,14152.59,2,Q4
Bouygues Telecom,Bouygues - 10 licences 5GMark Pro 2023,Europe,Platform(R),PO# 00002073,,,4502402071,,,,USD,1381.21,USD,16581.18,0.0,CXO,Closed Won,1/25/2023,Bouygues Telecom,2023-02-01,Europe,Bouygues Telecom,Customer,Public Platform,Telco,Robert FROGER,3,0.0,5527.06,Recurring,1381.21,1381.21,1381.21,2,Q4
Bouygues Telecom,Campagne TBSI Tests 5G StationE _IDF,Europe,Services(R),PO# 00002071,,,4502398243,Campagne TBSI Tests 5G StationE _IDF,,,USD,8113.72,USD,8113.72,0.0,Sylvain Grateau,Closed Won,1/3/2023,Bouygues Telecom,2023-02-01,Europe,Bouygues Telecom,Customer,Public Platform,Telco,Robert FROGER,1,0.0,8113.72,Recurring,8113.72,8113.72,8113.72,2,Q4
Bouygues Telecom,Campagne Multi Opérateur 5G Q1-2023,Europe,Services(R),PO# 00002074,,,4502402870,Campagne Multi Opérateur 5G Q1-2023,,,USD,22330.01,USD,67666.7,0.0,Sylvain Grateau,Closed Won,1/5/2023,Bouygues Telecom,2023-02-01,Europe,Bouygues Telecom,Customer,Public Platform,Telco,Robert FROGER,3,0.0,22555.566666666666,Recurring,22330.01,22330.01,22330.01,2,Q4
Bouygues Telecom,Mise à disposition forfaits 2023,Europe,Services(R),PO# 00002100,,,,Mise à disposition forfaits 2023,,,USD,460.4,USD,5527.06,0.0,Sylvain Grateau,Closed Won,1/24/2023,Bouygues Telecom,2023-02-01,Europe,Bouygues Telecom,Customer,Public Platform,Telco,Robert FROGER,3,0.0,1842.3533333333335,Recurring,460.4,460.4,460.4,2,Q4
Bouygues Telecom,BOUYGUES CDS T1 2023,Europe,Services(R),PO# 00001591,,,,DPR T1 2023,,,USD,21887.16,USD,66324.73,0.0,Ali Boudaoud,Negotiation,1/16/2023,Bouygues Telecom,2023-03-01,Europe,Bouygues Telecom,Customer,Public Platform,Telco,Robert FROGER,3,0.0,22108.243333333332,Recurring,21887.16,21887.16,21887.16,3,Q4
Bouygues Telecom,BOUYGUES CDS T1 2023,Europe,Services(R),PO# 00001592,,,,TBSI T1 2023,,,USD,20063.23,USD,60797.67,0.0,Ali Boudaoud,Negotiation,1/16/2023,Bouygues Telecom,2023-03-01,Europe,Bouygues Telecom,Customer,Public Platform,Telco,Robert FROGER,3,0.0,20265.89,Recurring,20063.23,20063.23,20063.23,3,Q4
Bouygues Telecom,BOUYGUES CDS T1 2023,Europe,Services(R),PO# 00001589,,,,DCI T1 2023,,,USD,21887.16,USD,66324.73,0.0,Ali Boudaoud,Negotiation,1/16/2023,Bouygues Telecom,2023-03-01,Europe,Bouygues Telecom,Customer,Public Platform,Telco,Robert FROGER,3,0.0,22108.243333333332,Recurring,21887.16,21887.16,21887.16,3,Q4
Bouygues Telecom,BOUYGUES CDS T1 2023,Europe,Services(R),PO# 00001590,,,,IDF T1 2023,,,USD,21887.16,USD,66324.73,0.0,Ali Boudaoud,Negotiation,1/16/2023,Bouygues Telecom,2023-03-01,Europe,Bouygues Telecom,Customer,Public Platform,Telco,Robert FROGER,3,0.0,22108.243333333332,Recurring,21887.16,21887.16,21887.16,3,Q4
Bouygues Telecom,Parcours User ExpérienceZones ADP,Europe,Services(R),PO# 00002084,,,,,,,USD,6065.4,USD,20217.99,0.0,Ali Boudaoud,Closed Won,1/13/2023,Bouygues Telecom,2023-03-01,Europe,Bouygues Telecom,Customer,Public Platform,Telco,Robert FROGER,2,0.0,10108.995,Recurring,6065.4,6065.4,6065.4,3,Q4
Bouygues Telecom,Bouygues - 10 licences 5GMark Pro 2023,Europe,Platform(R),PO# 00002073,,,4502402071,,,,USD,1381.21,USD,16581.18,0.0,CXO,Closed Won,1/25/2023,Bouygues Telecom,2023-03-01,Europe,Bouygues Telecom,Customer,Public Platform,Telco,Robert FROGER,3,0.0,5527.06,Recurring,1381.21,1381.21,1381.21,3,Q4
Bouygues Telecom,Campagne Multi Opérateur 5G Q1-2023,Europe,Services(R),PO# 00002074,,,4502402870,Campagne Multi Opérateur 5G Q1-2023,,,USD,23006.68,USD,67666.7,0.0,Sylvain Grateau,Closed Won,1/5/2023,Bouygues Telecom,2023-03-01,Europe,Bouygues Telecom,Customer,Public Platform,Telco,Robert FROGER,3,0.0,22555.566666666666,Recurring,23006.68,23006.68,23006.68,3,Q4
Bouygues Telecom,Mise à disposition forfaits 2023,Europe,Services(R),PO# 00002100,,,,Mise à disposition forfaits 2023,,,USD,460.4,USD,5527.06,0.0,Sylvain Grateau,Closed Won,1/24/2023,Bouygues Telecom,2023-03-01,Europe,Bouygues Telecom,Customer,Public Platform,Telco,Robert FROGER,3,0.0,1842.3533333333335,Recurring,460.4,460.4,460.4,3,Q4
Carrefour,Carrefour - Audit 500 Proxi,Europe,Services(R),PO# 00001772,2022060919-2022070945,6/5/2022,,Audit couverture des Proxi,USD,165901.52,USD,55294.98,USD,165901.52,0.0,Robert FROGER,Closed Won,3/24/2022,Carrefour,2022-04-01,Europe,Carrefour,Customer,Public Platform,Others,Sales-EMEA,2,82950.76,82950.76,Recurring,55294.98,-27655.77999999999,55294.98,4,Q1
Carrefour,Carrefour - Audit 500 Proxi,Europe,Services(R),PO# 00001772,2022060919-2022070945,6/5/2022,,Audit couverture des Proxi,USD,165901.52,USD,55294.98,USD,165901.52,0.0,Robert FROGER,Closed Won,3/24/2022,Carrefour,2022-05-01,Europe,Carrefour,Customer,Public Platform,Others,Sales-EMEA,2,82950.76,82950.76,Recurring,55294.98,-27655.77999999999,55294.98,5,Q1
Carrefour,Carrefour - audit Drive Marseille,Europe,Services(R),PO# 00001874,,,,Audit drive de Marseille,,,USD,1229.22,USD,1229.22,0.0,Robert FROGER,Closed Won,9/29/2022,Carrefour,2022-10-01,Europe,Carrefour,Customer,Public Platform,Others,Sales-EMEA,1,0.0,1229.22,Recurring,1229.22,1229.22,1229.22,10,Q3
Carrefour,Carrefour - audit Drive Marseille Roland,Europe,Platform(R),PO# 00002098,,,,,,,USD,1229.22,USD,1229.22,0.0,Abdou Seck,Closed Won,9/29/2022,Carrefour,2023-01-01,Europe,Carrefour,Customer,Public Platform,Others,Sales-EMEA,1,0.0,1229.22,Recurring,1229.22,1229.22,1229.22,1,Q4
Carrefour,Carrefour audit Hyper,Europe,Platform(R),PO# 00002094,,,,,,,USD,44795.72,USD,89591.44,0.0,Abdou Seck,Negotiation,3/31/2023,Carrefour,2023-02-01,Europe,Carrefour,Customer,Public Platform,Others,Sales-EMEA,2,0.0,44795.72,Recurring,44795.72,44795.72,44795.72,2,Q4
Carrefour,Carrefour audit Hyper,Europe,Platform(R),PO# 00002094,,,,,,,USD,44795.72,USD,89591.44,0.0,Abdou Seck,Negotiation,3/31/2023,Carrefour,2023-03-01,Europe,Carrefour,Customer,Public Platform,Others,Sales-EMEA,2,0.0,44795.72,Recurring,44795.72,44795.72,44795.72,3,Q4
CFL - Société Nationale des Chemins de Fer Luxembourgeois,CFL - Kit + MAG-M,Europe,Platform(R),PO# 00001957,,,,,,,USD,4972.36,USD,59692.25,0.0,Robert FROGER,Closed Won,10/15/2022,CFL - Société Nationale des Chemins de Fer Luxembourgeois,2023-01-01,Europe,CFL - Société Nationale des Chemins de Fer Luxembourgeois,Prospect,Public Platform,Mobility/Transportation,CXO,3,0.0,19897.416666666668,Recurring,4972.36,4972.36,4972.36,1,Q4
CFL - Société Nationale des Chemins de Fer Luxembourgeois,CFL - Kit + MAG-M,Europe,Platform(R),PO# 00001957,,,,,,,USD,4972.36,USD,59692.25,0.0,Robert FROGER,Closed Won,10/15/2022,CFL - Société Nationale des Chemins de Fer Luxembourgeois,2023-02-01,Europe,CFL - Société Nationale des Chemins de Fer Luxembourgeois,Prospect,Public Platform,Mobility/Transportation,CXO,3,0.0,19897.416666666668,Recurring,4972.36,4972.36,4972.36,2,Q4
CFL - Société Nationale des Chemins de Fer Luxembourgeois,CFL - Kit + MAG-M,Europe,Platform(R),PO# 00001957,,,,,,,USD,4972.36,USD,59692.25,0.0,Robert FROGER,Closed Won,10/15/2022,CFL - Société Nationale des Chemins de Fer Luxembourgeois,2023-03-01,Europe,CFL - Société Nationale des Chemins de Fer Luxembourgeois,Prospect,Public Platform,Mobility/Transportation,CXO,3,0.0,19897.416666666668,Recurring,4972.36,4972.36,4972.36,3,Q4
Converge ICT Telecommuncations,Converge ICT Testing 5Gmark-Aquamark,Philippines,Platform(R),PO# 00002059,,,,,,,USD,8330.0,USD,100000.0,0.0,Noel Comia,Negotiation,3/15/2023,Converge ICT Telecommuncations,2023-02-01,Philippines,Converge ICT Telecommuncations,Customer,Application Platform,Telco,Noel Comia,2,0.0,50000.0,Recurring,8330.0,8330.0,8330.0,2,Q4
Converge ICT Telecommuncations,Converge ICT Testing 5Gmark-Aquamark,Philippines,Platform(R),PO# 00002059,,,,,,,USD,8330.0,USD,100000.0,0.0,Noel Comia,Negotiation,3/15/2023,Converge ICT Telecommuncations,2023-03-01,Philippines,Converge ICT Telecommuncations,Customer,Application Platform,Telco,Noel Comia,2,0.0,50000.0,Recurring,8330.0,8330.0,8330.0,3,Q4
Département de Haute-Loire,Haute-Loire - kit pour 4 ans,Europe,Platform(R),PO# 00001137,2021070574,7/30/2021,2021/40200/0017,Kit Haute-Loire - 4 ans,USD,41046.29,USD,788.09,USD,41046.29,0.0,Robert FROGER,Closed Won,2/15/2021,Département de Haute-Loire,2022-04-01,Europe,Département de Haute-Loire,Customer,Public Platform,Smart Cities / Territories,Robert FROGER,12,3420.5241666666666,3420.5241666666666,Recurring,788.09,-2632.4341666666664,788.09,4,Q1
Département de Haute-Loire,Haute-Loire - kit pour 4 ans,Europe,Platform(R),PO# 00001137,2021070574,7/30/2021,2021/40200/0017,Kit Haute-Loire - 4 ans,USD,41046.29,USD,788.09,USD,41046.29,0.0,Robert FROGER,Closed Won,2/15/2021,Département de Haute-Loire,2022-05-01,Europe,Département de Haute-Loire,Customer,Public Platform,Smart Cities / Territories,Robert FROGER,12,3420.5241666666666,3420.5241666666666,Recurring,788.09,-2632.4341666666664,788.09,5,Q1
Département de Haute-Loire,Haute-Loire - kit pour 4 ans,Europe,Platform(R),PO# 00001137,2021070574,7/30/2021,2021/40200/0017,Kit Haute-Loire - 4 ans,USD,41046.29,USD,788.09,USD,41046.29,0.0,Robert FROGER,Closed Won,2/15/2021,Département de Haute-Loire,2022-06-01,Europe,Département de Haute-Loire,Customer,Public Platform,Smart Cities / Territories,Robert FROGER,12,3420.5241666666666,3420.5241666666666,Recurring,788.09,-2632.4341666666664,788.09,6,Q1
Département de Haute-Loire,Haute-Loire - kit pour 4 ans,Europe,Platform(R),PO# 00001137,2021070574,7/30/2021,2021/40200/0017,Kit Haute-Loire - 4 ans,USD,41046.29,USD,792.19,USD,41046.29,0.0,Robert FROGER,Closed Won,2/15/2021,Département de Haute-Loire,2022-07-01,Europe,Département de Haute-Loire,Customer,Public Platform,Smart Cities / Territories,Robert FROGER,12,3420.5241666666666,3420.5241666666666,Recurring,792.19,-2628.3341666666665,792.19,7,Q2
Département de Haute-Loire,Haute-Loire - kit pour 4 ans,Europe,Platform(R),PO# 00001137,2021070574,7/30/2021,2021/40200/0017,Kit Haute-Loire - 4 ans,USD,41046.29,USD,788.09,USD,41046.29,0.0,Robert FROGER,Closed Won,2/15/2021,Département de Haute-Loire,2022-08-01,Europe,Département de Haute-Loire,Customer,Public Platform,Smart Cities / Territories,Robert FROGER,12,3420.5241666666666,3420.5241666666666,Recurring,788.09,-2632.4341666666664,788.09,8,Q2
Département de Haute-Loire,Haute-Loire - kit pour 4 ans,Europe,Platform(R),PO# 00001137,2021070574,7/30/2021,2021/40200/0017,Kit Haute-Loire - 4 ans,USD,41046.29,USD,788.09,USD,41046.29,0.0,Robert FROGER,Closed Won,2/15/2021,Département de Haute-Loire,2022-09-01,Europe,Département de Haute-Loire,Customer,Public Platform,Smart Cities / Territories,Robert FROGER,12,3420.5241666666666,3420.5241666666666,Recurring,788.09,-2632.4341666666664,788.09,9,Q2
Département de Haute-Loire,Haute-Loire - kit pour 4 ans,Europe,Platform(R),PO# 00001137,2021070574,7/30/2021,2021/40200/0017,Kit Haute-Loire - 4 ans,USD,41046.29,USD,788.09,USD,41046.29,0.0,Robert FROGER,Closed Won,2/15/2021,Département de Haute-Loire,2022-10-01,Europe,Département de Haute-Loire,Customer,Public Platform,Smart Cities / Territories,Robert FROGER,12,3420.5241666666666,3420.5241666666666,Recurring,788.09,-2632.4341666666664,788.09,10,Q3
Département de Haute-Loire,Haute-Loire - kit pour 4 ans,Europe,Platform(R),PO# 00001137,2021070574,7/30/2021,2021/40200/0017,Kit Haute-Loire - 4 ans,USD,41046.29,USD,788.09,USD,41046.29,0.0,Robert FROGER,Closed Won,2/15/2021,Département de Haute-Loire,2022-11-01,Europe,Département de Haute-Loire,Customer,Public Platform,Smart Cities / Territories,Robert FROGER,12,3420.5241666666666,3420.5241666666666,Recurring,788.09,-2632.4341666666664,788.09,11,Q3
Département de Haute-Loire,Haute-Loire - kit pour 4 ans,Europe,Platform(R),PO# 00001137,2021070574,7/30/2021,2021/40200/0017,Kit Haute-Loire - 4 ans,USD,41046.29,USD,788.09,USD,41046.29,0.0,Robert FROGER,Closed Won,2/15/2021,Département de Haute-Loire,2022-12-01,Europe,Département de Haute-Loire,Customer,Public Platform,Smart Cities / Territories,Robert FROGER,12,3420.5241666666666,3420.5241666666666,Recurring,788.09,-2632.4341666666664,788.09,12,Q3
Département de Haute-Loire,Haute-Loire - kit pour 4 ans,Europe,Platform(R),PO# 00001137,2021070574,7/30/2021,2021/40200/0017,Kit Haute-Loire - 4 ans,USD,41046.29,USD,788.09,USD,41046.29,0.0,Robert FROGER,Closed Won,2/15/2021,Département de Haute-Loire,2023-01-01,Europe,Département de Haute-Loire,Customer,Public Platform,Smart Cities / Territories,Robert FROGER,12,3420.5241666666666,3420.5241666666666,Recurring,788.09,-2632.4341666666664,788.09,1,Q4
Département de Haute-Loire,Haute-Loire - kit pour 4 ans,Europe,Platform(R),PO# 00001137,2021070574,7/30/2021,2021/40200/0017,Kit Haute-Loire - 4 ans,USD,41046.29,USD,788.09,USD,41046.29,0.0,Robert FROGER,Closed Won,2/15/2021,Département de Haute-Loire,2023-02-01,Europe,Département de Haute-Loire,Customer,Public Platform,Smart Cities / Territories,Robert FROGER,12,3420.5241666666666,3420.5241666666666,Recurring,788.09,-2632.4341666666664,788.09,2,Q4
Département de Haute-Loire,Haute-Loire - kit pour 4 ans,Europe,Platform(R),PO# 00001137,2021070574,7/30/2021,2021/40200/0017,Kit Haute-Loire - 4 ans,USD,41046.29,USD,792.19,USD,41046.29,0.0,Robert FROGER,Closed Won,2/15/2021,Département de Haute-Loire,2023-03-01,Europe,Département de Haute-Loire,Customer,Public Platform,Smart Cities / Territories,Robert FROGER,12,3420.5241666666666,3420.5241666666666,Recurring,792.19,-2628.3341666666665,792.19,3,Q4
Département des Côtes d'Armor,Dpt Côtes d'Armor - Kit + MAG-M,Europe,Platform(R),PO# 00001530,2022080967;20221001008,10/11/2022,,Campagne de mesure sur les routes du département avec un kit de mesures 5GMARK PRO + accès à MAG-M pendant 12 mois avec livrables dessus,USD,33162.36,USD,11938.45,USD,33162.36,0.0,Robert FROGER,Closed Won,8/19/2022,Département des Côtes d'Armor,2022-08-01,Europe,Département des Côtes d'Armor,Prospect,Public Platform,Smart Cities / Territories,Robert FROGER,8,4145.295,4145.295,Recurring,11938.45,7793.155000000001,11938.45,8,Q2
Département des Côtes d'Armor,Dpt Côtes d'Armor - Kit + MAG-M,Europe,Platform(R),PO# 00001530,2022080967;20221001008,10/11/2022,,Campagne de mesure sur les routes du département avec un kit de mesures 5GMARK PRO + accès à MAG-M pendant 12 mois avec livrables dessus,USD,33162.36,USD,11938.45,USD,33162.36,0.0,Robert FROGER,Closed Won,8/19/2022,Département des Côtes d'Armor,2022-09-01,Europe,Département des Côtes d'Armor,Prospect,Public Platform,Smart Cities / Territories,Robert FROGER,8,4145.295,4145.295,Recurring,11938.45,7793.155000000001,11938.45,9,Q2
Département des Côtes d'Armor,Dpt Côtes d'Armor - Kit + MAG-M,Europe,Platform(R),PO# 00001530,2022080967;20221001008,10/11/2022,,Campagne de mesure sur les routes du département avec un kit de mesures 5GMARK PRO + accès à MAG-M pendant 12 mois avec livrables dessus,USD,33162.36,USD,928.55,USD,33162.36,0.0,Robert FROGER,Closed Won,8/19/2022,Département des Côtes d'Armor,2022-10-01,Europe,Département des Côtes d'Armor,Prospect,Public Platform,Smart Cities / Territories,Robert FROGER,8,4145.295,4145.295,Recurring,928.55,-3216.745,928.55,10,Q3
Département des Côtes d'Armor,Dpt Côtes d'Armor - Kit + MAG-M,Europe,Platform(R),PO# 00001530,2022080967;20221001008,10/11/2022,,Campagne de mesure sur les routes du département avec un kit de mesures 5GMARK PRO + accès à MAG-M pendant 12 mois avec livrables dessus,USD,33162.36,USD,928.55,USD,33162.36,0.0,Robert FROGER,Closed Won,8/19/2022,Département des Côtes d'Armor,2022-11-01,Europe,Département des Côtes d'Armor,Prospect,Public Platform,Smart Cities / Territories,Robert FROGER,8,4145.295,4145.295,Recurring,928.55,-3216.745,928.55,11,Q3
Département des Côtes d'Armor,Dpt Côtes d'Armor - Kit + MAG-M,Europe,Platform(R),PO# 00001530,2022080967;20221001008,10/11/2022,,Campagne de mesure sur les routes du département avec un kit de mesures 5GMARK PRO + accès à MAG-M pendant 12 mois avec livrables dessus,USD,33162.36,USD,928.55,USD,33162.36,0.0,Robert FROGER,Closed Won,8/19/2022,Département des Côtes d'Armor,2022-12-01,Europe,Département des Côtes d'Armor,Prospect,Public Platform,Smart Cities / Territories,Robert FROGER,8,4145.295,4145.295,Recurring,928.55,-3216.745,928.55,12,Q3
Département des Côtes d'Armor,Dpt Côtes d'Armor - Kit + MAG-M,Europe,Platform(R),PO# 00001530,2022080967;20221001008,10/11/2022,,Campagne de mesure sur les routes du département avec un kit de mesures 5GMARK PRO + accès à MAG-M pendant 12 mois avec livrables dessus,USD,33162.36,USD,928.55,USD,33162.36,0.0,Robert FROGER,Closed Won,8/19/2022,Département des Côtes d'Armor,2023-01-01,Europe,Département des Côtes d'Armor,Prospect,Public Platform,Smart Cities / Territories,Robert FROGER,8,4145.295,4145.295,Recurring,928.55,-3216.745,928.55,1,Q4
Département des Côtes d'Armor,Dpt Côtes d'Armor - Kit + MAG-M,Europe,Platform(R),PO# 00001530,2022080967;20221001008,10/11/2022,,Campagne de mesure sur les routes du département avec un kit de mesures 5GMARK PRO + accès à MAG-M pendant 12 mois avec livrables dessus,USD,33162.36,USD,928.55,USD,33162.36,0.0,Robert FROGER,Closed Won,8/19/2022,Département des Côtes d'Armor,2023-02-01,Europe,Département des Côtes d'Armor,Prospect,Public Platform,Smart Cities / Territories,Robert FROGER,8,4145.295,4145.295,Recurring,928.55,-3216.745,928.55,2,Q4
Département des Côtes d'Armor,Dpt Côtes d'Armor - Kit + MAG-M,Europe,Platform(R),PO# 00001530,2022080967;20221001008,10/11/2022,,Campagne de mesure sur les routes du département avec un kit de mesures 5GMARK PRO + accès à MAG-M pendant 12 mois avec livrables dessus,USD,33162.36,USD,928.55,USD,33162.36,0.0,Robert FROGER,Closed Won,8/19/2022,Département des Côtes d'Armor,2023-03-01,Europe,Département des Côtes d'Armor,Prospect,Public Platform,Smart Cities / Territories,Robert FROGER,8,4145.295,4145.295,Recurring,928.55,-3216.745,928.55,3,Q4
Département du Finistère,Marque Blanche + kit de mesure - Finistère,Europe,Platform(R),PO# 00001482,2022030845,3/8/2022,2021DAEEAPPLIMOBILE,"Marque Blanche ""Ca Capte ?"" + 1 kit de mesures - Année 1",USD,42098.77,USD,3073.21,USD,42098.77,0.0,Robert FROGER,Closed Won,11/26/2021,Département du Finistère,2022-04-01,Europe,Département du Finistère,Prospect,Public Platform,Smart Cities / Territories,Robert FROGER,7,6014.11,6014.11,Recurring,3073.21,-2940.8999999999996,3073.21,4,Q1
Département du Finistère,Marque Blanche + kit de mesure - Finistère,Europe,Platform(R),PO# 00001482,2022030845,3/8/2022,2021DAEEAPPLIMOBILE,"Marque Blanche ""Ca Capte ?"" + 1 kit de mesures - Année 1",USD,42098.77,USD,3073.21,USD,42098.77,0.0,Robert FROGER,Closed Won,11/26/2021,Département du Finistère,2022-05-01,Europe,Département du Finistère,Prospect,Public Platform,Smart Cities / Territories,Robert FROGER,7,6014.11,6014.11,Recurring,3073.21,-2940.8999999999996,3073.21,5,Q1
Département du Finistère,Marque Blanche + kit de mesure - Finistère,Europe,Platform(R),PO# 00001482,2022030845,3/8/2022,2021DAEEAPPLIMOBILE,"Marque Blanche ""Ca Capte ?"" + 1 kit de mesures - Année 1",USD,42098.77,USD,3073.21,USD,42098.77,0.0,Robert FROGER,Closed Won,11/26/2021,Département du Finistère,2022-06-01,Europe,Département du Finistère,Prospect,Public Platform,Smart Cities / Territories,Robert FROGER,7,6014.11,6014.11,Recurring,3073.21,-2940.8999999999996,3073.21,6,Q1
Département du Finistère,Marque Blanche + kit de mesure - Finistère,Europe,Platform(R),PO# 00001482,2022030845,3/8/2022,2021DAEEAPPLIMOBILE,"Marque Blanche ""Ca Capte ?"" + 1 kit de mesures - Année 1",USD,42098.77,USD,3073.21,USD,42098.77,0.0,Robert FROGER,Closed Won,11/26/2021,Département du Finistère,2022-07-01,Europe,Département du Finistère,Prospect,Public Platform,Smart Cities / Territories,Robert FROGER,7,6014.11,6014.11,Recurring,3073.21,-2940.8999999999996,3073.21,7,Q2
Département du Finistère,Marque Blanche + kit de mesure - Finistère,Europe,Platform(R),PO# 00001482,2022030845,3/8/2022,2021DAEEAPPLIMOBILE,"Marque Blanche ""Ca Capte ?"" + 1 kit de mesures - Année 1",USD,42098.77,USD,3073.21,USD,42098.77,0.0,Robert FROGER,Closed Won,11/26/2021,Département du Finistère,2022-08-01,Europe,Département du Finistère,Prospect,Public Platform,Smart Cities / Territories,Robert FROGER,7,6014.11,6014.11,Recurring,3073.21,-2940.8999999999996,3073.21,8,Q2
Département du Finistère,Marque Blanche + kit de mesure - Finistère,Europe,Platform(R),PO# 00001482,2022030845,3/8/2022,2021DAEEAPPLIMOBILE,"Marque Blanche ""Ca Capte ?"" + 1 kit de mesures - Année 1",USD,42098.77,USD,3073.21,USD,42098.77,0.0,Robert FROGER,Closed Won,11/26/2021,Département du Finistère,2022-09-01,Europe,Département du Finistère,Prospect,Public Platform,Smart Cities / Territories,Robert FROGER,7,6014.11,6014.11,Recurring,3073.21,-2940.8999999999996,3073.21,9,Q2
Département du Finistère,Marque Blanche + kit de mesure - Finistère,Europe,Platform(R),PO# 00001482,2022030845,3/8/2022,2021DAEEAPPLIMOBILE,"Marque Blanche ""Ca Capte ?"" + 1 kit de mesures - Année 1",USD,42098.77,USD,3073.21,USD,42098.77,0.0,Robert FROGER,Closed Won,11/26/2021,Département du Finistère,2022-10-01,Europe,Département du Finistère,Prospect,Public Platform,Smart Cities / Territories,Robert FROGER,7,6014.11,6014.11,Recurring,3073.21,-2940.8999999999996,3073.21,10,Q3
Département du Finistère,Marque Blanche + kit de mesure - Finistère,Europe,Platform(R),PO# 00001483,,,2021DAEEAPPLIMOBILE,Marque Blanche Année 2,,,USD,2099.44,USD,25203.4,0.0,Robert FROGER,Closed Won,11/26/2021,Département du Finistère,2022-11-01,Europe,Département du Finistère,Prospect,Public Platform,Smart Cities / Territories,Robert FROGER,5,0.0,5040.68,Recurring,2099.44,2099.44,2099.44,11,Q3
Département du Finistère,Marque Blanche + kit de mesure - Finistère,Europe,Platform(R),PO# 00001483,,,2021DAEEAPPLIMOBILE,Marque Blanche Année 2,,,USD,2099.44,USD,25203.4,0.0,Robert FROGER,Closed Won,11/26/2021,Département du Finistère,2022-12-01,Europe,Département du Finistère,Prospect,Public Platform,Smart Cities / Territories,Robert FROGER,5,0.0,5040.68,Recurring,2099.44,2099.44,2099.44,12,Q3
Département du Finistère,Marque Blanche + kit de mesure - Finistère,Europe,Platform(R),PO# 00001483,,,2021DAEEAPPLIMOBILE,Marque Blanche Année 2,,,USD,2101.96,USD,25203.4,0.0,Robert FROGER,Closed Won,11/26/2021,Département du Finistère,2023-01-01,Europe,Département du Finistère,Prospect,Public Platform,Smart Cities / Territories,Robert FROGER,5,0.0,5040.68,Recurring,2101.96,2101.96,2101.96,1,Q4
Département du Finistère,Marque Blanche + kit de mesure - Finistère,Europe,Platform(R),PO# 00001483,,,2021DAEEAPPLIMOBILE,Marque Blanche Année 2,,,USD,2099.44,USD,25203.4,0.0,Robert FROGER,Closed Won,11/26/2021,Département du Finistère,2023-02-01,Europe,Département du Finistère,Prospect,Public Platform,Smart Cities / Territories,Robert FROGER,5,0.0,5040.68,Recurring,2099.44,2099.44,2099.44,2,Q4
Département du Finistère,Marque Blanche + kit de mesure - Finistère,Europe,Platform(R),PO# 00001483,,,2021DAEEAPPLIMOBILE,Marque Blanche Année 2,,,USD,2099.44,USD,25203.4,0.0,Robert FROGER,Closed Won,11/26/2021,Département du Finistère,2023-03-01,Europe,Département du Finistère,Prospect,Public Platform,Smart Cities / Territories,Robert FROGER,5,0.0,5040.68,Recurring,2099.44,2099.44,2099.44,3,Q4
Département Ille-Et-Vilaine,Dpt Ille-Et-Vilaine - While label KiCapte 2022,Europe,Platform(R),PO# 00001473,20221101034,11/15/2022,,Renouvellement application KiCapte pour 2022,USD,24303.15,USD,2024.45,USD,24303.15,0.0,Robert FROGER,Closed Won,12/13/2021,Département Ille-Et-Vilaine,2022-04-01,Europe,Département Ille-Et-Vilaine,Customer,Public Platform,Smart Cities / Territories,Sales-EMEA,9,2700.3500000000004,2700.3500000000004,Recurring,2024.45,-675.9000000000003,2024.45,4,Q1
Département Ille-Et-Vilaine,Dpt Ille-Et-Vilaine - While label KiCapte 2022,Europe,Platform(R),PO# 00001473,20221101034,11/15/2022,,Renouvellement application KiCapte pour 2022,USD,24303.15,USD,2024.45,USD,24303.15,0.0,Robert FROGER,Closed Won,12/13/2021,Département Ille-Et-Vilaine,2022-05-01,Europe,Département Ille-Et-Vilaine,Customer,Public Platform,Smart Cities / Territories,Sales-EMEA,9,2700.3500000000004,2700.3500000000004,Recurring,2024.45,-675.9000000000003,2024.45,5,Q1
Département Ille-Et-Vilaine,Dpt Ille-Et-Vilaine - While label KiCapte 2022,Europe,Platform(R),PO# 00001473,20221101034,11/15/2022,,Renouvellement application KiCapte pour 2022,USD,24303.15,USD,2026.88,USD,24303.15,0.0,Robert FROGER,Closed Won,12/13/2021,Département Ille-Et-Vilaine,2022-06-01,Europe,Département Ille-Et-Vilaine,Customer,Public Platform,Smart Cities / Territories,Sales-EMEA,9,2700.3500000000004,2700.3500000000004,Recurring,2026.88,-673.4700000000003,2026.88,6,Q1
Département Ille-Et-Vilaine,Dpt Ille-Et-Vilaine - While label KiCapte 2022,Europe,Platform(R),PO# 00001473,20221101034,11/15/2022,,Renouvellement application KiCapte pour 2022,USD,24303.15,USD,2024.45,USD,24303.15,0.0,Robert FROGER,Closed Won,12/13/2021,Département Ille-Et-Vilaine,2022-07-01,Europe,Département Ille-Et-Vilaine,Customer,Public Platform,Smart Cities / Territories,Sales-EMEA,9,2700.3500000000004,2700.3500000000004,Recurring,2024.45,-675.9000000000003,2024.45,7,Q2
Département Ille-Et-Vilaine,Dpt Ille-Et-Vilaine - While label KiCapte 2022,Europe,Platform(R),PO# 00001473,20221101034,11/15/2022,,Renouvellement application KiCapte pour 2022,USD,24303.15,USD,2024.45,USD,24303.15,0.0,Robert FROGER,Closed Won,12/13/2021,Département Ille-Et-Vilaine,2022-08-01,Europe,Département Ille-Et-Vilaine,Customer,Public Platform,Smart Cities / Territories,Sales-EMEA,9,2700.3500000000004,2700.3500000000004,Recurring,2024.45,-675.9000000000003,2024.45,8,Q2
Département Ille-Et-Vilaine,Dpt Ille-Et-Vilaine - While label KiCapte 2022,Europe,Platform(R),PO# 00001473,20221101034,11/15/2022,,Renouvellement application KiCapte pour 2022,USD,24303.15,USD,2026.88,USD,24303.15,0.0,Robert FROGER,Closed Won,12/13/2021,Département Ille-Et-Vilaine,2022-09-01,Europe,Département Ille-Et-Vilaine,Customer,Public Platform,Smart Cities / Territories,Sales-EMEA,9,2700.3500000000004,2700.3500000000004,Recurring,2026.88,-673.4700000000003,2026.88,9,Q2
Département Ille-Et-Vilaine,Dpt Ille-Et-Vilaine - While label KiCapte 2022,Europe,Platform(R),PO# 00001473,20221101034,11/15/2022,,Renouvellement application KiCapte pour 2022,USD,24303.15,USD,2024.45,USD,24303.15,0.0,Robert FROGER,Closed Won,12/13/2021,Département Ille-Et-Vilaine,2022-10-01,Europe,Département Ille-Et-Vilaine,Customer,Public Platform,Smart Cities / Territories,Sales-EMEA,9,2700.3500000000004,2700.3500000000004,Recurring,2024.45,-675.9000000000003,2024.45,10,Q3
Département Ille-Et-Vilaine,Dpt Ille-Et-Vilaine - While label KiCapte 2022,Europe,Platform(R),PO# 00001473,20221101034,11/15/2022,,Renouvellement application KiCapte pour 2022,USD,24303.15,USD,2024.45,USD,24303.15,0.0,Robert FROGER,Closed Won,12/13/2021,Département Ille-Et-Vilaine,2022-11-01,Europe,Département Ille-Et-Vilaine,Customer,Public Platform,Smart Cities / Territories,Sales-EMEA,9,2700.3500000000004,2700.3500000000004,Recurring,2024.45,-675.9000000000003,2024.45,11,Q3
Département Ille-Et-Vilaine,Dpt Ille-Et-Vilaine - While label KiCapte 2022,Europe,Platform(R),PO# 00001473,20221101034,11/15/2022,,Renouvellement application KiCapte pour 2022,USD,24303.15,USD,2026.88,USD,24303.15,0.0,Robert FROGER,Closed Won,12/13/2021,Département Ille-Et-Vilaine,2022-12-01,Europe,Département Ille-Et-Vilaine,Customer,Public Platform,Smart Cities / Territories,Sales-EMEA,9,2700.3500000000004,2700.3500000000004,Recurring,2026.88,-673.4700000000003,2026.88,12,Q3
Département Ille-Et-Vilaine,Dpt Ille-Et-Vilaine - While label KiCapte 2023,Europe,Platform(R),PO# 00001633,,,,Application KiCapte pour 2023,,,USD,1915.28,USD,22992.57,0.0,Robert FROGER,Negotiation,1/1/2023,Département Ille-Et-Vilaine,2023-01-01,Europe,Département Ille-Et-Vilaine,Customer,Public Platform,Smart Cities / Territories,Sales-EMEA,3,0.0,7664.19,Recurring,1915.28,1915.28,1915.28,1,Q4
Département Ille-Et-Vilaine,Dpt Ille-Et-Vilaine - While label KiCapte 2023,Europe,Platform(R),PO# 00001633,,,,Application KiCapte pour 2023,,,USD,1915.28,USD,22992.57,0.0,Robert FROGER,Negotiation,1/1/2023,Département Ille-Et-Vilaine,2023-02-01,Europe,Département Ille-Et-Vilaine,Customer,Public Platform,Smart Cities / Territories,Sales-EMEA,3,0.0,7664.19,Recurring,1915.28,1915.28,1915.28,2,Q4
Département Ille-Et-Vilaine,Dpt Ille-Et-Vilaine - While label KiCapte 2023,Europe,Platform(R),PO# 00001633,,,,Application KiCapte pour 2023,,,USD,1915.28,USD,22992.57,0.0,Robert FROGER,Negotiation,1/1/2023,Département Ille-Et-Vilaine,2023-03-01,Europe,Département Ille-Et-Vilaine,Customer,Public Platform,Smart Cities / Territories,Sales-EMEA,3,0.0,7664.19,Recurring,1915.28,1915.28,1915.28,3,Q4
Digiboxx Technologies and Digital India Pvt Ltd,Digiboxx 22-23,India,Services(R),PO# 00002017,,,,,USD,9924.63,USD,639.29,USD,9924.63,0.0,CXO,Closed Won,3/1/2022,Digiboxx Technologies and Digital India Pvt Ltd,2022-04-01,India,Digiboxx Technologies and Digital India Pvt Ltd,,Application Platform,Others,Perdiep Jankie,8,1240.57875,1240.57875,Recurring,639.29,-601.2887499999999,639.29,4,Q1
Digiboxx Technologies and Digital India Pvt Ltd,Digiboxx 22-23,India,Services(R),PO# 00002017,,,,,USD,9924.63,USD,639.29,USD,9924.63,0.0,CXO,Closed Won,3/1/2022,Digiboxx Technologies and Digital India Pvt Ltd,2022-05-01,India,Digiboxx Technologies and Digital India Pvt Ltd,,Application Platform,Others,Perdiep Jankie,8,1240.57875,1240.57875,Recurring,639.29,-601.2887499999999,639.29,5,Q1
Digiboxx Technologies and Digital India Pvt Ltd,Digiboxx 22-23,India,Services(R),PO# 00002017,,,,,USD,9924.63,USD,2562.37,USD,9924.63,0.0,CXO,Closed Won,3/1/2022,Digiboxx Technologies and Digital India Pvt Ltd,2022-06-01,India,Digiboxx Technologies and Digital India Pvt Ltd,,Application Platform,Others,Perdiep Jankie,8,1240.57875,1240.57875,Recurring,2562.37,1321.79125,2562.37,6,Q1
Digiboxx Technologies and Digital India Pvt Ltd,Digiboxx 22-23,India,Services(R),PO# 00002017,,,,,USD,9924.63,USD,2349.27,USD,9924.63,0.0,CXO,Closed Won,3/1/2022,Digiboxx Technologies and Digital India Pvt Ltd,2022-07-01,India,Digiboxx Technologies and Digital India Pvt Ltd,,Application Platform,Others,Perdiep Jankie,8,1240.57875,1240.57875,Recurring,2349.27,1108.69125,2349.27,7,Q2
Digiboxx Technologies and Digital India Pvt Ltd,Digiboxx 22-23,India,Services(R),PO# 00002017,,,,,USD,9924.63,USD,2349.27,USD,9924.63,0.0,CXO,Closed Won,3/1/2022,Digiboxx Technologies and Digital India Pvt Ltd,2022-09-01,India,Digiboxx Technologies and Digital India Pvt Ltd,,Application Platform,Others,Perdiep Jankie,8,1240.57875,1240.57875,Recurring,2349.27,1108.69125,2349.27,9,Q2
Digiboxx Technologies and Digital India Pvt Ltd,Digiboxx 22-23,India,Services(R),PO# 00002017,,,,,USD,9924.63,USD,461.71,USD,9924.63,0.0,CXO,Closed Won,3/1/2022,Digiboxx Technologies and Digital India Pvt Ltd,2022-10-01,India,Digiboxx Technologies and Digital India Pvt Ltd,,Application Platform,Others,Perdiep Jankie,8,1240.57875,1240.57875,Recurring,461.71,-778.8687499999999,461.71,10,Q3
Digiboxx Technologies and Digital India Pvt Ltd,Digiboxx 22-23,India,Services(R),PO# 00002017,,,,,USD,9924.63,USD,461.71,USD,9924.63,0.0,CXO,Closed Won,3/1/2022,Digiboxx Technologies and Digital India Pvt Ltd,2022-11-01,India,Digiboxx Technologies and Digital India Pvt Ltd,,Application Platform,Others,Perdiep Jankie,8,1240.57875,1240.57875,Recurring,461.71,-778.8687499999999,461.71,11,Q3
Digiboxx Technologies and Digital India Pvt Ltd,Digiboxx 22-23,India,Services(R),PO# 00002017,,,,,USD,9924.63,USD,461.71,USD,9924.63,0.0,CXO,Closed Won,3/1/2022,Digiboxx Technologies and Digital India Pvt Ltd,2022-12-01,India,Digiboxx Technologies and Digital India Pvt Ltd,,Application Platform,Others,Perdiep Jankie,8,1240.57875,1240.57875,Recurring,461.71,-778.8687499999999,461.71,12,Q3
Digital Enterprise,Regulator - NICTA,Other APAC,Platform(R),PO# 00002042,,,,,,,USD,8330.0,USD,100000.0,0.0,Erlyn Gabijan,Negotiation,2/28/2023,Digital Enterprise,2023-03-01,Other APAC,Digital Enterprise,,Application Platform,Telco,Erlyn Gabijan,1,0.0,100000.0,Recurring,8330.0,8330.0,8330.0,3,Q4
Disney Hotstar,Disney Hotstar Performance KPI's & Android TV's + resource 21-22-23,India,Platform(R),PO# 00001347,,,,,USD,95280.1,USD,7253.9,USD,239044.1,0.0,Perdiep Jankie,Closed Won,6/16/2021,Disney Hotstar,2022-04-01,India,Disney Hotstar,Customer,Application Platform,Media Entertainment,Perdiep Jankie,12,7940.008333333334,19920.341666666667,Recurring,7253.9,-686.1083333333345,7253.9,4,Q1
Disney Hotstar,Disney Hotstar Performance KPI's & Android TV's + resource 21-22-23,India,Platform(R),PO# 00001347,,,,,USD,95280.1,USD,13787.97,USD,239044.1,0.0,Perdiep Jankie,Closed Won,6/16/2021,Disney Hotstar,2022-05-01,India,Disney Hotstar,Customer,Application Platform,Media Entertainment,Perdiep Jankie,12,7940.008333333334,19920.341666666667,Recurring,13787.97,5847.961666666665,13787.97,5,Q1
Disney Hotstar,Disney Hotstar Performance KPI's & Android TV's + resource 21-22-23,India,Platform(R),PO# 00001347,,,,,USD,95280.1,USD,17911.81,USD,239044.1,0.0,Perdiep Jankie,Closed Won,6/16/2021,Disney Hotstar,2022-06-01,India,Disney Hotstar,Customer,Application Platform,Media Entertainment,Perdiep Jankie,12,7940.008333333334,19920.341666666667,Recurring,17911.81,9971.801666666666,17911.81,6,Q1
Disney Hotstar,Disney Hotstar Performance KPI's & Android TV's + resource 21-22-23,India,Platform(R),PO# 00001347,,,,,USD,95280.1,USD,15677.55,USD,239044.1,0.0,Perdiep Jankie,Closed Won,6/16/2021,Disney Hotstar,2022-07-01,India,Disney Hotstar,Customer,Application Platform,Media Entertainment,Perdiep Jankie,12,7940.008333333334,19920.341666666667,Recurring,15677.55,7737.541666666665,15677.55,7,Q2
Disney Hotstar,Disney Hotstar Performance KPI's & Android TV's + resource 21-22-23,India,Platform(R),PO# 00001347,,,,,USD,95280.1,USD,20824.77,USD,239044.1,0.0,Perdiep Jankie,Closed Won,6/16/2021,Disney Hotstar,2022-08-01,India,Disney Hotstar,Customer,Application Platform,Media Entertainment,Perdiep Jankie,12,7940.008333333334,19920.341666666667,Recurring,20824.77,12884.761666666665,20824.77,8,Q2
Disney Hotstar,Disney Hotstar Performance KPI's & Android TV's + resource 21-22-23,India,Platform(R),PO# 00001347,,,,,USD,95280.1,USD,20824.77,USD,239044.1,0.0,Perdiep Jankie,Closed Won,6/16/2021,Disney Hotstar,2022-09-01,India,Disney Hotstar,Customer,Application Platform,Media Entertainment,Perdiep Jankie,12,7940.008333333334,19920.341666666667,Recurring,20824.77,12884.761666666665,20824.77,9,Q2
Disney Hotstar,Disney Hotstar Performance KPI's & Android TV's + resource 21-22-23,India,Platform(R),PO# 00001347,,,,,USD,95280.1,USD,20824.77,USD,239044.1,0.0,Perdiep Jankie,Closed Won,6/16/2021,Disney Hotstar,2022-10-01,India,Disney Hotstar,Customer,Application Platform,Media Entertainment,Perdiep Jankie,12,7940.008333333334,19920.341666666667,Recurring,20824.77,12884.761666666665,20824.77,10,Q3
Disney Hotstar,Disney Hotstar Performance KPI's & Android TV's + resource 21-22-23,India,Platform(R),PO# 00001347,,,,,USD,95280.1,USD,20824.77,USD,239044.1,0.0,Perdiep Jankie,Closed Won,6/16/2021,Disney Hotstar,2022-11-01,India,Disney Hotstar,Customer,Application Platform,Media Entertainment,Perdiep Jankie,12,7940.008333333334,19920.341666666667,Recurring,20824.77,12884.761666666665,20824.77,11,Q3
Disney Hotstar,Disney Hotstar Performance KPI's & Android TV's + resource 21-22-23,India,Platform(R),PO# 00001347,,,,,USD,95280.1,USD,21887.18,USD,239044.1,0.0,Perdiep Jankie,Closed Won,6/16/2021,Disney Hotstar,2022-12-01,India,Disney Hotstar,Customer,Application Platform,Media Entertainment,Perdiep Jankie,12,7940.008333333334,19920.341666666667,Recurring,21887.18,13947.171666666665,21887.18,12,Q3
Disney Hotstar,Disney Global + Customer care team,India,Platform(R),PO# 00001952,,,,Renewal from July-22,,,USD,8106.18,USD,257590.0,0.0,Perdiep Jankie,Closed Won,9/30/2022,Disney Hotstar,2022-12-01,India,Disney Hotstar,Customer,Application Platform,Media Entertainment,Perdiep Jankie,4,0.0,64397.5,Recurring,8106.18,8106.18,8106.18,12,Q3
Disney Hotstar,Disney Hotstar Performance KPI's & Android TV's + resource 21-22-23,India,Platform(R),PO# 00001347,,,,,USD,95280.1,USD,21029.3,USD,239044.1,0.0,Perdiep Jankie,Closed Won,6/16/2021,Disney Hotstar,2023-01-01,India,Disney Hotstar,Customer,Application Platform,Media Entertainment,Perdiep Jankie,12,7940.008333333334,19920.341666666667,Recurring,21029.3,13089.291666666664,21029.3,1,Q4
Disney Hotstar,Disney Global + Customer care team,India,Platform(R),PO# 00001952,,,,Renewal from July-22,,,USD,11580.26,USD,257590.0,0.0,Perdiep Jankie,Closed Won,9/30/2022,Disney Hotstar,2023-01-01,India,Disney Hotstar,Customer,Application Platform,Media Entertainment,Perdiep Jankie,4,0.0,64397.5,Recurring,11580.26,11580.26,11580.26,1,Q4
Disney Hotstar,Disney Hotstar Performance KPI's & Android TV's + resource 21-22-23,India,Platform(R),PO# 00001347,,,,,USD,95280.1,USD,21029.3,USD,239044.1,0.0,Perdiep Jankie,Closed Won,6/16/2021,Disney Hotstar,2023-02-01,India,Disney Hotstar,Customer,Application Platform,Media Entertainment,Perdiep Jankie,12,7940.008333333334,19920.341666666667,Recurring,21029.3,13089.291666666664,21029.3,2,Q4
Disney Hotstar,Disney Global + Customer care team,India,Platform(R),PO# 00001952,,,,Renewal from July-22,,,USD,20072.45,USD,257590.0,0.0,Perdiep Jankie,Closed Won,9/30/2022,Disney Hotstar,2023-02-01,India,Disney Hotstar,Customer,Application Platform,Media Entertainment,Perdiep Jankie,4,0.0,64397.5,Recurring,20072.45,20072.45,20072.45,2,Q4
Disney Hotstar,Disney Hotstar Performance KPI's & Android TV's + resource 21-22-23,India,Platform(R),PO# 00001347,,,,,USD,95280.1,USD,21029.3,USD,239044.1,0.0,Perdiep Jankie,Closed Won,6/16/2021,Disney Hotstar,2023-03-01,India,Disney Hotstar,Customer,Application Platform,Media Entertainment,Perdiep Jankie,12,7940.008333333334,19920.341666666667,Recurring,21029.3,13089.291666666664,21029.3,3,Q4
Disney Hotstar,Disney Global + Customer care team,India,Platform(R),PO# 00001952,,,,Renewal from July-22,,,USD,20072.45,USD,257590.0,0.0,Perdiep Jankie,Closed Won,9/30/2022,Disney Hotstar,2023-03-01,India,Disney Hotstar,Customer,Application Platform,Media Entertainment,Perdiep Jankie,4,0.0,64397.5,Recurring,20072.45,20072.45,20072.45,3,Q4
EasyPaisa,EasyPaisa mobile app,MEA,Platform(R),PO# 00001948,,,,,,,USD,4165.0,USD,50000.0,0.0,Perdiep Jankie,Negotiation,2/28/2023,EasyPaisa,2023-03-31,MEA,EasyPaisa,Prospect,Application Platform,BFSI,Perdiep Jankie,1,0.0,50000.0,Recurring,4165.0,4165.0,4165.0,3,Q4
EdgePoint Infra,EdgePoint - Sunway Medical Centre,Other APAC,Platform(R),PO# 00001971,22230001,5/24/2022,PO/GTP/MOZARK/165/22,Technical Proposal,USD,37059.3,USD,37059.3,USD,37059.3,0.0,Saravanan Manickam,Closed Won,6/30/2022,EdgePoint Infra,2022-04-29,Other APAC,EdgePoint Infra,Customer,Private Platform,Asset Investor,Saravanan Manickam,1,37059.3,37059.3,Recurring,37059.3,0.0,37059.3,4,Q1
EdgePoint Infra,EdgePoint - Sunway Pyramid Ph1,Other APAC,One-Time,PO# 00001982,22230007,8/2/2022,PO/GTP/MOZARK/90/22,Materials and Delivery,USD,53926.08,USD,17973.56,USD,53926.08,60.0,Saravanan Manickam,Closed Won,3/22/2022,EdgePoint Infra,2022-05-02,Other APAC,EdgePoint Infra,Customer,Private Platform,Asset Investor,Saravanan Manickam,3,17975.36,17975.36,One-Time,7189.424000000001,-1.7999999999992724,0.0,5,Q1
EdgePoint Infra,EdgePoint - Sunway Pyramid Ph1,Other APAC,One-Time,PO# 00001982,22230007,8/2/2022,PO/GTP/MOZARK/90/22,Materials and Delivery,USD,53926.08,USD,17973.56,USD,53926.08,60.0,Saravanan Manickam,Closed Won,3/22/2022,EdgePoint Infra,2022-06-02,Other APAC,EdgePoint Infra,Customer,Private Platform,Asset Investor,Saravanan Manickam,3,17975.36,17975.36,One-Time,7189.424000000001,-1.7999999999992724,0.0,6,Q1
EdgePoint Infra,EdgePoint - Sunway Pyramid Ph1,Other APAC,Services(R),PO# 00002032,,,,,,,USD,15949.78,USD,95679.56,0.0,Saravanan Manickam,Closed Won,3/22/2022,EdgePoint Infra,2022-07-01,Other APAC,EdgePoint Infra,Customer,Private Platform,Asset Investor,Saravanan Manickam,6,0.0,15946.593333333332,Recurring,15949.78,15949.78,15949.78,7,Q2
EdgePoint Infra,EdgePoint - Sunway Pyramid Ph1,Other APAC,One-Time,PO# 00001982,22230007,8/2/2022,PO/GTP/MOZARK/90/22,Materials and Delivery,USD,53926.08,USD,17973.56,USD,53926.08,60.0,Saravanan Manickam,Closed Won,3/22/2022,EdgePoint Infra,2022-07-02,Other APAC,EdgePoint Infra,Customer,Private Platform,Asset Investor,Saravanan Manickam,3,17975.36,17975.36,One-Time,7189.424000000001,-1.7999999999992724,0.0,7,Q2
EdgePoint Infra,EdgePoint - Sunway Medical Centre,Other APAC,Services(R),PO# 00001973,22230009,10/21/2022,PO/GTP/MOZARK/165/22,Materials and Services,USD,36343.72,USD,12113.36,USD,36343.72,0.0,Saravanan Manickam,Closed Won,6/30/2022,EdgePoint Infra,2022-07-01,Other APAC,EdgePoint Infra,Customer,Private Platform,Asset Investor,Saravanan Manickam,3,12114.573333333334,12114.573333333334,Recurring,12113.36,-1.2133333333331393,12113.36,7,Q2
EdgePoint Infra,EdgePoint - Sunway Pyramid Ph1,Other APAC,Services(R),PO# 00002032,,,,,,,USD,15949.78,USD,95679.56,0.0,Saravanan Manickam,Closed Won,3/22/2022,EdgePoint Infra,2022-08-01,Other APAC,EdgePoint Infra,Customer,Private Platform,Asset Investor,Saravanan Manickam,6,0.0,15946.593333333332,Recurring,15949.78,15949.78,15949.78,8,Q2
EdgePoint Infra,EdgePoint - Sunway Medical Centre,Other APAC,Services(R),PO# 00001973,22230009,10/21/2022,PO/GTP/MOZARK/165/22,Materials and Services,USD,36343.72,USD,12113.36,USD,36343.72,0.0,Saravanan Manickam,Closed Won,6/30/2022,EdgePoint Infra,2022-08-01,Other APAC,EdgePoint Infra,Customer,Private Platform,Asset Investor,Saravanan Manickam,3,12114.573333333334,12114.573333333334,Recurring,12113.36,-1.2133333333331393,12113.36,8,Q2
EdgePoint Infra,EdgePoint - Sunway Pyramid Ph1,Other APAC,Services(R),PO# 00002032,,,,,,,USD,15949.78,USD,95679.56,0.0,Saravanan Manickam,Closed Won,3/22/2022,EdgePoint Infra,2022-09-01,Other APAC,EdgePoint Infra,Customer,Private Platform,Asset Investor,Saravanan Manickam,6,0.0,15946.593333333332,Recurring,15949.78,15949.78,15949.78,9,Q2
EdgePoint Infra,EdgePoint - Sunway Medical Centre,Other APAC,Services(R),PO# 00001973,22230009,10/21/2022,PO/GTP/MOZARK/165/22,Materials and Services,USD,36343.72,USD,12113.36,USD,36343.72,0.0,Saravanan Manickam,Closed Won,6/30/2022,EdgePoint Infra,2022-09-01,Other APAC,EdgePoint Infra,Customer,Private Platform,Asset Investor,Saravanan Manickam,3,12114.573333333334,12114.573333333334,Recurring,12113.36,-1.2133333333331393,12113.36,9,Q2
EdgePoint Infra,EdgePoint - Sunway Pyramid Ph1,Other APAC,Services(R),PO# 00002032,,,,,,,USD,15949.78,USD,95679.56,0.0,Saravanan Manickam,Closed Won,3/22/2022,EdgePoint Infra,2022-10-01,Other APAC,EdgePoint Infra,Customer,Private Platform,Asset Investor,Saravanan Manickam,6,0.0,15946.593333333332,Recurring,15949.78,15949.78,15949.78,10,Q3
EdgePoint Infra,EdgePoint - Sunway Pyramid Ph1,Other APAC,Services(R),PO# 00002032,,,,,,,USD,15949.78,USD,95679.56,0.0,Saravanan Manickam,Closed Won,3/22/2022,EdgePoint Infra,2022-11-01,Other APAC,EdgePoint Infra,Customer,Private Platform,Asset Investor,Saravanan Manickam,6,0.0,15946.593333333332,Recurring,15949.78,15949.78,15949.78,11,Q3
EdgePoint Infra,EdgePoint - Sunway Pyramid Ph1,Other APAC,Services(R),PO# 00002032,,,,,,,USD,15930.65,USD,95679.56,0.0,Saravanan Manickam,Closed Won,3/22/2022,EdgePoint Infra,2022-12-01,Other APAC,EdgePoint Infra,Customer,Private Platform,Asset Investor,Saravanan Manickam,6,0.0,15946.593333333332,Recurring,15930.65,15930.65,15930.65,12,Q3
EdgePoint Infra,EdgePoint - Sunway Pyramid CME,Other APAC,One-Time,PO# 00002080,22230010,12/22/2022,GTPP022-000079,Materials Implementation,USD,5919.62,USD,6071.45,USD,6071.45,0.0,Saravanan Manickam,Closed Won,11/17/2022,EdgePoint Infra,2022-12-21,Other APAC,EdgePoint Infra,Customer,Private Platform,Asset Investor,Saravanan Manickam,1,5919.62,6071.45,One-Time,6071.45,151.82999999999993,0.0,12,Q3
EdgePoint Infra,EdgePoint - Sunway Pyramid Caging,Other APAC,One-Time,PO# 00002081,22230011,12/22/2022,GTPP022-000016,Materials and Services,USD,6502.93,USD,6893.11,USD,6893.11,0.0,Saravanan Manickam,Closed Won,10/20/2022,EdgePoint Infra,2022-12-22,Other APAC,EdgePoint Infra,Customer,Private Platform,Asset Investor,Saravanan Manickam,1,6502.93,6893.11,One-Time,6893.11,390.1799999999994,0.0,12,Q3
EdgePoint Infra,EdgePoint - Sunway Pyramid Ph2,Other APAC,Services(R),PO# 00002033,,,,,,,USD,5000.0,USD,15000.0,0.0,Saravanan Manickam,Negotiation,3/28/2024,EdgePoint Infra,2023-01-01,Other APAC,EdgePoint Infra,Customer,Private Platform,Asset Investor,Saravanan Manickam,3,0.0,5000.0,Recurring,5000.0,5000.0,5000.0,1,Q4
EdgePoint Infra,EdgePoint - Sunway Pyramid Aeon VO,Other APAC,One-Time,PO# 00002079,,,,Implementation and Testing,,,USD,3722.79,USD,11169.48,0.0,Saravanan Manickam,Closed Won,10/28/2022,EdgePoint Infra,2023-01-03,Other APAC,EdgePoint Infra,Customer,Private Platform,Asset Investor,Saravanan Manickam,3,0.0,3723.16,One-Time,3722.79,3722.79,0.0,1,Q4
EdgePoint Infra,EdgePoint - Sunway Pyramid Ph2,Other APAC,Services(R),PO# 00002033,,,,,,,USD,4999.5,USD,15000.0,0.0,Saravanan Manickam,Negotiation,3/28/2024,EdgePoint Infra,2023-02-01,Other APAC,EdgePoint Infra,Customer,Private Platform,Asset Investor,Saravanan Manickam,3,0.0,5000.0,Recurring,4999.5,4999.5,4999.5,2,Q4
EdgePoint Infra,EdgePoint - Sunway Pyramid Aeon VO,Other APAC,One-Time,PO# 00002079,,,,Implementation and Testing,,,USD,3722.79,USD,11169.48,0.0,Saravanan Manickam,Closed Won,10/28/2022,EdgePoint Infra,2023-02-03,Other APAC,EdgePoint Infra,Customer,Private Platform,Asset Investor,Saravanan Manickam,3,0.0,3723.16,One-Time,3722.79,3722.79,0.0,2,Q4
EdgePoint Infra,EdgePoint - Sunway Pyramid Ph2,Other APAC,Services(R),PO# 00002033,,,,,,,USD,4999.5,USD,15000.0,0.0,Saravanan Manickam,Negotiation,3/28/2024,EdgePoint Infra,2023-03-01,Other APAC,EdgePoint Infra,Customer,Private Platform,Asset Investor,Saravanan Manickam,3,0.0,5000.0,Recurring,4999.5,4999.5,4999.5,3,Q4
EdgePoint Infra,EdgePoint - Sunway Pyramid Aeon VO,Other APAC,One-Time,PO# 00002079,,,,Implementation and Testing,,,USD,3722.79,USD,11169.48,0.0,Saravanan Manickam,Closed Won,10/28/2022,EdgePoint Infra,2023-03-03,Other APAC,EdgePoint Infra,Customer,Private Platform,Asset Investor,Saravanan Manickam,3,0.0,3723.16,One-Time,3722.79,3722.79,0.0,3,Q4
Emerige,Couv indoor WiredScore - Morland,Europe,Services(R),PO# 00001797,2022090986,9/12/2022,,Couv indoor WiredScore - Morland,USD,3238.86,USD,3238.86,USD,3238.86,0.0,Ali Boudaoud,Closed Won,5/13/2022,Emerige,2022-05-01,Europe,Emerige,,Public Platform,Smart Cities / Territories,Sylvain Grateau,1,3238.86,3238.86,Recurring,3238.86,0.0,3238.86,5,Q1
Entomo,Entomo - App Testing,Other APAC,Platform(R),PO# 00002037,,,,,,,USD,6666.0,USD,20000.0,0.0,Perdiep Jankie,Negotiation,3/30/2023,Entomo,2023-01-01,Other APAC,Entomo,Customer,Application Platform,Others,Perdiep Jankie,3,0.0,6666.666666666667,Recurring,6666.0,6666.0,6666.0,1,Q4
Entomo,Entomo - App Testing,Other APAC,Platform(R),PO# 00002037,,,,,,,USD,6666.0,USD,20000.0,0.0,Perdiep Jankie,Negotiation,3/30/2023,Entomo,2023-02-01,Other APAC,Entomo,Customer,Application Platform,Others,Perdiep Jankie,3,0.0,6666.666666666667,Recurring,6666.0,6666.0,6666.0,2,Q4
Entomo,Entomo - App Testing,Other APAC,Platform(R),PO# 00002037,,,,,,,USD,6666.0,USD,20000.0,0.0,Perdiep Jankie,Negotiation,3/30/2023,Entomo,2023-03-01,Other APAC,Entomo,Customer,Application Platform,Others,Perdiep Jankie,3,0.0,6666.666666666667,Recurring,6666.0,6666.0,6666.0,3,Q4
Ericsson Belgium,DT Luxembourg POST semestre 1-2022,Europe,Services(R),PO# 00001764,2022070953,7/18/2022,4526351470,DT Luxembourg POST trimestre 2-2022,USD,11805.8,USD,3934.87,USD,11805.8,0.0,Sylvain Grateau,Closed Won,1/17/2022,Ericsson Belgium,2022-04-01,Europe,Ericsson Belgium,Prospect,Public Platform,Telco,Robert FROGER,3,3935.2666666666664,3935.2666666666664,Recurring,3934.87,-0.3966666666665333,3934.87,4,Q1
Ericsson Belgium,DT Belgique TELENET 2022,Europe,Services(R),PO# 00001766,2022080960,8/16/2022,4526849999,DT Belgique TELENET trimestre 2,USD,6411.39,USD,2136.92,USD,6411.39,0.0,Sylvain Grateau,Closed Won,1/17/2022,Ericsson Belgium,2022-04-01,Europe,Ericsson Belgium,Prospect,Public Platform,Telco,Robert FROGER,3,2137.13,2137.13,Recurring,2136.92,-0.21000000000003638,2136.92,4,Q1
Ericsson Belgium,DT Belgique TELENET CC Avril 2022,Europe,Services(R),PO# 00001778,2022080965,8/22/2022,4526792149,DT Belgique TELENET CC Avril 2022,USD,1923.42,USD,1923.42,USD,1923.42,0.0,Sylvain Grateau,Closed Won,4/14/2022,Ericsson Belgium,2022-04-01,Europe,Ericsson Belgium,Prospect,Public Platform,Telco,Robert FROGER,1,1923.42,1923.42,Recurring,1923.42,0.0,1923.42,4,Q1
Ericsson Belgium,DT Belgique TELENET All Areas,Europe,Services(R),PO# 00001844,2022080959,8/16/2022,4527078232,DT Belgique TELENET All Areas,USD,8334.81,USD,2083.7,USD,8334.81,0.0,Sylvain Grateau,Closed Won,5/1/2022,Ericsson Belgium,2022-04-01,Europe,Ericsson Belgium,Prospect,Public Platform,Telco,Robert FROGER,3,2778.27,2778.27,Recurring,2083.7,-694.5700000000002,2083.7,4,Q1
Ericsson Belgium,DT Luxembourg POST semestre 1-2022,Europe,Services(R),PO# 00001764,2022070953,7/18/2022,4526351470,DT Luxembourg POST trimestre 2-2022,USD,11805.8,USD,3934.87,USD,11805.8,0.0,Sylvain Grateau,Closed Won,1/17/2022,Ericsson Belgium,2022-05-01,Europe,Ericsson Belgium,Prospect,Public Platform,Telco,Robert FROGER,3,3935.2666666666664,3935.2666666666664,Recurring,3934.87,-0.3966666666665333,3934.87,5,Q1
Ericsson Belgium,DT Belgique TELENET 2022,Europe,Services(R),PO# 00001766,2022080960,8/16/2022,4526849999,DT Belgique TELENET trimestre 2,USD,6411.39,USD,2136.92,USD,6411.39,0.0,Sylvain Grateau,Closed Won,1/17/2022,Ericsson Belgium,2022-05-01,Europe,Ericsson Belgium,Prospect,Public Platform,Telco,Robert FROGER,3,2137.13,2137.13,Recurring,2136.92,-0.21000000000003638,2136.92,5,Q1
Ericsson Belgium,DT Belgique TELENET All Areas,Europe,Services(R),PO# 00001844,2022080959,8/16/2022,4527078232,DT Belgique TELENET All Areas,USD,8334.81,USD,2083.7,USD,8334.81,0.0,Sylvain Grateau,Closed Won,5/1/2022,Ericsson Belgium,2022-05-01,Europe,Ericsson Belgium,Prospect,Public Platform,Telco,Robert FROGER,3,2778.27,2778.27,Recurring,2083.7,-694.5700000000002,2083.7,5,Q1
Ericsson Belgium,DT Luxembourg POST semestre 1-2022,Europe,Services(R),PO# 00001764,2022070953,7/18/2022,4526351470,DT Luxembourg POST trimestre 2-2022,USD,11805.8,USD,3936.05,USD,11805.8,0.0,Sylvain Grateau,Closed Won,1/17/2022,Ericsson Belgium,2022-06-01,Europe,Ericsson Belgium,Prospect,Public Platform,Telco,Robert FROGER,3,3935.2666666666664,3935.2666666666664,Recurring,3936.05,0.7833333333337578,3936.05,6,Q1
Ericsson Belgium,DT Belgique TELENET 2022,Europe,Services(R),PO# 00001766,2022080960,8/16/2022,4526849999,DT Belgique TELENET trimestre 2,USD,6411.39,USD,2137.56,USD,6411.39,0.0,Sylvain Grateau,Closed Won,1/17/2022,Ericsson Belgium,2022-06-01,Europe,Ericsson Belgium,Prospect,Public Platform,Telco,Robert FROGER,3,2137.13,2137.13,Recurring,2137.56,0.4299999999998363,2137.56,6,Q1
Ericsson Belgium,DT Belgique TELENET Customer Complaint,Europe,Services(R),PO# 00001793,2022080966,8/22/2022,4526849112,DT Belgique TELENET Customer Complaint,USD,1923.42,USD,1923.42,USD,1923.42,0.0,Sylvain Grateau,Closed Won,5/1/2022,Ericsson Belgium,2022-06-01,Europe,Ericsson Belgium,Prospect,Public Platform,Telco,Robert FROGER,1,1923.42,1923.42,Recurring,1923.42,0.0,1923.42,6,Q1
Ericsson Belgium,DT Belgique TELENET All Areas,Europe,Services(R),PO# 00001844,2022080959,8/16/2022,4527078232,DT Belgique TELENET All Areas,USD,8334.81,USD,2083.7,USD,8334.81,0.0,Sylvain Grateau,Closed Won,5/1/2022,Ericsson Belgium,2022-06-01,Europe,Ericsson Belgium,Prospect,Public Platform,Telco,Robert FROGER,3,2778.27,2778.27,Recurring,2083.7,-694.5700000000002,2083.7,6,Q1
Ericsson Belgium,DT Luxembourg POST semestre 2-2022,Europe,Services(R),PO# 00001840,20221001018,10/26/2022,4527350946,DT Luxembourg POST quarter 3-2022,USD,12789.62,USD,4262.78,USD,12789.62,0.0,Sylvain Grateau,Closed Won,7/1/2022,Ericsson Belgium,2022-07-01,Europe,Ericsson Belgium,Prospect,Public Platform,Telco,Robert FROGER,3,4263.206666666667,4263.206666666667,Recurring,4262.78,-0.4266666666671881,4262.78,7,Q2
Ericsson Belgium,DT Belgique TELENET All Areas_part2,Europe,Services(R),PO# 00001851,2022090997,9/26/2022,4527078232,DT Belgique TELENET All Areas_part2,USD,23081.0,USD,7692.89,USD,23081.0,0.0,Sylvain Grateau,Closed Won,8/16/2022,Ericsson Belgium,2022-07-01,Europe,Ericsson Belgium,Prospect,Public Platform,Telco,Robert FROGER,3,7693.666666666667,7693.666666666667,Recurring,7692.89,-0.7766666666666424,7692.89,7,Q2
Ericsson Belgium,DT Belgique TELENET 2022,Europe,Services(R),PO# 00001869,2022090995,9/22/2022,4526849999,DT Belgique TELENET semestre 2 T3-2022,USD,6411.39,USD,3205.7,USD,6411.39,0.0,Sylvain Grateau,Closed Won,1/17/2022,Ericsson Belgium,2022-07-01,Europe,Ericsson Belgium,Prospect,Public Platform,Telco,Robert FROGER,2,3205.695,3205.695,Recurring,3205.7,0.004999999999654392,3205.7,7,Q2
Ericsson Belgium,DT Luxembourg POST semestre 2-2022,Europe,Services(R),PO# 00001840,20221001018,10/26/2022,4527350946,DT Luxembourg POST quarter 3-2022,USD,12789.62,USD,4262.78,USD,12789.62,0.0,Sylvain Grateau,Closed Won,7/1/2022,Ericsson Belgium,2022-08-01,Europe,Ericsson Belgium,Prospect,Public Platform,Telco,Robert FROGER,3,4263.206666666667,4263.206666666667,Recurring,4262.78,-0.4266666666671881,4262.78,8,Q2
Ericsson Belgium,DT Belgique TELENET All Areas_part2,Europe,Services(R),PO# 00001851,2022090997,9/26/2022,4527078232,DT Belgique TELENET All Areas_part2,USD,23081.0,USD,7692.89,USD,23081.0,0.0,Sylvain Grateau,Closed Won,8/16/2022,Ericsson Belgium,2022-08-01,Europe,Ericsson Belgium,Prospect,Public Platform,Telco,Robert FROGER,3,7693.666666666667,7693.666666666667,Recurring,7692.89,-0.7766666666666424,7692.89,8,Q2
Ericsson Belgium,DT Belgique TELENET Customer Complaint,Europe,,PO# 00001868,2022090996,9/22/2022,4526849112,DT Belgique TELENET Customer Complaint,USD,3205.7,USD,3205.7,USD,3205.7,0.0,Sylvain Grateau,Closed Won,5/1/2022,Ericsson Belgium,2022-08-01,Europe,Ericsson Belgium,Prospect,Public Platform,Telco,Robert FROGER,1,3205.7,3205.7,Recurring,3205.7,0.0,3205.7,8,Q2
Ericsson Belgium,DT Belgique TELENET 2022,Europe,Services(R),PO# 00001869,2022090995,9/22/2022,4526849999,DT Belgique TELENET semestre 2 T3-2022,USD,6411.39,USD,3205.7,USD,6411.39,0.0,Sylvain Grateau,Closed Won,1/17/2022,Ericsson Belgium,2022-08-01,Europe,Ericsson Belgium,Prospect,Public Platform,Telco,Robert FROGER,2,3205.695,3205.695,Recurring,3205.7,0.004999999999654392,3205.7,8,Q2
Ericsson Belgium,DT Belgique TELENET 2022,Europe,Services(R),PO# 00001967,20230101080,1/12/2023,4526286230,DT Belgique TELENET 2022-part5,USD,5753.67,USD,1438.42,USD,5753.67,0.0,Sylvain Grateau,Closed Won,1/17/2022,Ericsson Belgium,2022-08-01,Europe,Ericsson Belgium,Prospect,Public Platform,Telco,Robert FROGER,4,1438.4175,1438.4175,Recurring,1438.42,0.0025000000000545697,1438.42,8,Q2
Ericsson Belgium,DT Luxembourg POST semestre 2-2022,Europe,Services(R),PO# 00001840,20221001018,10/26/2022,4527350946,DT Luxembourg POST quarter 3-2022,USD,12789.62,USD,4264.06,USD,12789.62,0.0,Sylvain Grateau,Closed Won,7/1/2022,Ericsson Belgium,2022-09-01,Europe,Ericsson Belgium,Prospect,Public Platform,Telco,Robert FROGER,3,4263.206666666667,4263.206666666667,Recurring,4264.06,0.8533333333334667,4264.06,9,Q2
Ericsson Belgium,DT Belgique TELENET All Areas_part2,Europe,Services(R),PO# 00001851,2022090997,9/26/2022,4527078232,DT Belgique TELENET All Areas_part2,USD,23081.0,USD,7695.2,USD,23081.0,0.0,Sylvain Grateau,Closed Won,8/16/2022,Ericsson Belgium,2022-09-01,Europe,Ericsson Belgium,Prospect,Public Platform,Telco,Robert FROGER,3,7693.666666666667,7693.666666666667,Recurring,7695.2,1.5333333333328483,7695.2,9,Q2
Ericsson Belgium,DT Belgique TELENET Customer Complaint,Europe,Services(R),PO# 00001878,20230101072,1/4/2023,4526849112,DT Belgique TELENET Customer Complaint,USD,11540.5,USD,2885.13,USD,11540.5,0.0,Sylvain Grateau,Closed Won,5/1/2022,Ericsson Belgium,2022-09-01,Europe,Ericsson Belgium,Prospect,Public Platform,Telco,Robert FROGER,4,2885.125,2885.125,Recurring,2885.13,0.005000000000109139,2885.13,9,Q2
Ericsson Belgium,DT Belgique TELENET All Areas_part3,Europe,Services(R),PO# 00001872,20221001019,10/28/2022,202209-2875,DT Belgique TELENET All Areas_part3,USD,1923.42,USD,1923.42,USD,1923.42,0.0,Sylvain Grateau,Closed Won,9/23/2022,Ericsson Belgium,2022-09-01,Europe,Ericsson Belgium,Prospect,Public Platform,Telco,Robert FROGER,1,1923.42,1923.42,Recurring,1923.42,0.0,1923.42,9,Q2
Ericsson Belgium,DT Belgique TELENET 2022,Europe,Services(R),PO# 00001967,20230101080,1/12/2023,4526286230,DT Belgique TELENET 2022-part5,USD,5753.67,USD,1438.42,USD,5753.67,0.0,Sylvain Grateau,Closed Won,1/17/2022,Ericsson Belgium,2022-09-01,Europe,Ericsson Belgium,Prospect,Public Platform,Telco,Robert FROGER,4,1438.4175,1438.4175,Recurring,1438.42,0.0025000000000545697,1438.42,9,Q2
Ericsson Belgium,DT Luxembourg POST semestre 2-2022,Europe,Services(R),PO# 00001841,20230101074,1/10/2023,4527350946,DT Luxembourg POST quarter 4-2022,USD,6886.72,USD,2295.34,USD,6886.72,0.0,Sylvain Grateau,Closed Won,7/1/2022,Ericsson Belgium,2022-10-01,Europe,Ericsson Belgium,Prospect,Public Platform,Telco,Robert FROGER,3,2295.5733333333333,2295.5733333333333,Recurring,2295.34,-0.23333333333312112,2295.34,10,Q3
Ericsson Belgium,DT Belgique TELENET Customer Complaint,Europe,Services(R),PO# 00001878,20230101072,1/4/2023,4526849112,DT Belgique TELENET Customer Complaint,USD,11540.5,USD,2885.13,USD,11540.5,0.0,Sylvain Grateau,Closed Won,5/1/2022,Ericsson Belgium,2022-10-01,Europe,Ericsson Belgium,Prospect,Public Platform,Telco,Robert FROGER,4,2885.125,2885.125,Recurring,2885.13,0.005000000000109139,2885.13,10,Q3
Ericsson Belgium,DT Belgique TELENET 2022,Europe,,PO# 00001870,20230101081,1/12/2023,4527685612,DT Belgique TELENET semestre 2 T4-2022,USD,25645.56,USD,8547.67,USD,25645.56,0.0,Sylvain Grateau,Closed Won,1/17/2022,Ericsson Belgium,2022-10-01,Europe,Ericsson Belgium,Prospect,Public Platform,Telco,Robert FROGER,3,8548.52,8548.52,Recurring,8547.67,-0.8500000000003638,8547.67,10,Q3
Ericsson Belgium,DT Belgique TELENET All Areas_part4,Europe,Services(R),PO# 00001889,20221201066,12/27/2022,4527899773,DT Belgique TELENET All Areas_part4,USD,1923.42,USD,1923.42,USD,1923.42,0.0,Sylvain Grateau,Closed Won,10/2/2022,Ericsson Belgium,2022-10-01,Europe,Ericsson Belgium,Prospect,Public Platform,Telco,Robert FROGER,1,1923.42,1923.42,Recurring,1923.42,0.0,1923.42,10,Q3
Ericsson Belgium,DT Belgique TELENET 2022,Europe,Services(R),PO# 00001967,20230101080,1/12/2023,4526286230,DT Belgique TELENET 2022-part5,USD,5753.67,USD,1438.42,USD,5753.67,0.0,Sylvain Grateau,Closed Won,1/17/2022,Ericsson Belgium,2022-10-01,Europe,Ericsson Belgium,Prospect,Public Platform,Telco,Robert FROGER,4,1438.4175,1438.4175,Recurring,1438.42,0.0025000000000545697,1438.42,10,Q3
Ericsson Belgium,DT Luxembourg POST semestre 2-2022,Europe,Services(R),PO# 00001841,20230101074,1/10/2023,4527350946,DT Luxembourg POST quarter 4-2022,USD,6886.72,USD,2295.34,USD,6886.72,0.0,Sylvain Grateau,Closed Won,7/1/2022,Ericsson Belgium,2022-11-01,Europe,Ericsson Belgium,Prospect,Public Platform,Telco,Robert FROGER,3,2295.5733333333333,2295.5733333333333,Recurring,2295.34,-0.23333333333312112,2295.34,11,Q3
Ericsson Belgium,DT Belgique TELENET Customer Complaint,Europe,Services(R),PO# 00001878,20230101072,1/4/2023,4526849112,DT Belgique TELENET Customer Complaint,USD,11540.5,USD,2885.13,USD,11540.5,0.0,Sylvain Grateau,Closed Won,5/1/2022,Ericsson Belgium,2022-11-01,Europe,Ericsson Belgium,Prospect,Public Platform,Telco,Robert FROGER,4,2885.125,2885.125,Recurring,2885.13,0.005000000000109139,2885.13,11,Q3
Ericsson Belgium,DT Luxembourg POST Benchmark,Europe,,PO# 00001896,20221101049,11/18/2022,4527975737,DT Luxembourg POST Benchmark,USD,3725.24,USD,3725.24,USD,3725.24,0.0,Sylvain Grateau,Closed Won,11/7/2022,Ericsson Belgium,2022-11-01,Europe,Ericsson Belgium,Prospect,Public Platform,Telco,Robert FROGER,1,3725.24,3725.24,Recurring,3725.24,0.0,3725.24,11,Q3
Ericsson Belgium,DT Belgique TELENET Extra,Europe,Services(R),PO# 00001903,20230101073,1/10/2023,4528128532,DT Belgique TELENET Extra - Metro Brussels,USD,2876.83,USD,2876.83,USD,2876.83,0.0,Sylvain Grateau,Closed Won,11/21/2022,Ericsson Belgium,2022-11-01,Europe,Ericsson Belgium,Prospect,Public Platform,Telco,Robert FROGER,1,2876.83,2876.83,Recurring,2876.83,0.0,2876.83,11,Q3
Ericsson Belgium,DT Belgique TELENET Extra,Europe,Services(R),PO# 00001960,20221201067,12/27/2022,4528128533,DT Belgique TELENET Extra - Highways,USD,4794.72,USD,2397.36,USD,4794.72,0.0,Sylvain Grateau,Closed Won,11/21/2022,Ericsson Belgium,2022-11-01,Europe,Ericsson Belgium,Prospect,Public Platform,Telco,Robert FROGER,2,2397.36,2397.36,Recurring,2397.36,0.0,2397.36,11,Q3
Ericsson Belgium,DT Belgique TELENET 2022,Europe,,PO# 00001870,20230101081,1/12/2023,4527685612,DT Belgique TELENET semestre 2 T4-2022,USD,25645.56,USD,8547.67,USD,25645.56,0.0,Sylvain Grateau,Closed Won,1/17/2022,Ericsson Belgium,2022-11-01,Europe,Ericsson Belgium,Prospect,Public Platform,Telco,Robert FROGER,3,8548.52,8548.52,Recurring,8547.67,-0.8500000000003638,8547.67,11,Q3
Ericsson Belgium,DT Belgique TELENET 2022,Europe,Services(R),PO# 00001967,20230101080,1/12/2023,4526286230,DT Belgique TELENET 2022-part5,USD,5753.67,USD,1438.42,USD,5753.67,0.0,Sylvain Grateau,Closed Won,1/17/2022,Ericsson Belgium,2022-11-01,Europe,Ericsson Belgium,Prospect,Public Platform,Telco,Robert FROGER,4,1438.4175,1438.4175,Recurring,1438.42,0.0025000000000545697,1438.42,11,Q3
Ericsson Belgium,DT Luxembourg POST semestre 2-2022,Europe,Services(R),PO# 00001841,20230101074,1/10/2023,4527350946,DT Luxembourg POST quarter 4-2022,USD,6886.72,USD,2296.03,USD,6886.72,0.0,Sylvain Grateau,Closed Won,7/1/2022,Ericsson Belgium,2022-12-01,Europe,Ericsson Belgium,Prospect,Public Platform,Telco,Robert FROGER,3,2295.5733333333333,2295.5733333333333,Recurring,2296.03,0.45666666666693345,2296.03,12,Q3
Ericsson Belgium,DT Belgique TELENET Customer Complaint,Europe,Services(R),PO# 00001878,20230101072,1/4/2023,4526849112,DT Belgique TELENET Customer Complaint,USD,11540.5,USD,2885.13,USD,11540.5,0.0,Sylvain Grateau,Closed Won,5/1/2022,Ericsson Belgium,2022-12-01,Europe,Ericsson Belgium,Prospect,Public Platform,Telco,Robert FROGER,4,2885.125,2885.125,Recurring,2885.13,0.005000000000109139,2885.13,12,Q3
Ericsson Belgium,DT Belgique TELENET Extra,Europe,Services(R),PO# 00001961,20221201068,12/27/2022,4528128537,DT Belgique TELENET Extra - Metro Antwerp,USD,958.94,USD,958.94,USD,958.94,0.0,Sylvain Grateau,Closed Won,11/21/2022,Ericsson Belgium,2022-12-01,Europe,Ericsson Belgium,Prospect,Public Platform,Telco,Robert FROGER,1,958.94,958.94,Recurring,958.94,0.0,958.94,12,Q3
Ericsson Belgium,DT Belgique TELENET Extra,Europe,Services(R),PO# 00001960,20221201067,12/27/2022,4528128533,DT Belgique TELENET Extra - Highways,USD,4794.72,USD,2397.36,USD,4794.72,0.0,Sylvain Grateau,Closed Won,11/21/2022,Ericsson Belgium,2022-12-01,Europe,Ericsson Belgium,Prospect,Public Platform,Telco,Robert FROGER,2,2397.36,2397.36,Recurring,2397.36,0.0,2397.36,12,Q3
Ericsson Belgium,DT Belgique TELENET Extra,Europe,Services(R),PO# 00001962,20221201069,12/27/2022,4528128540,DT Belgique TELENET Extra - Brussels Tunnels,USD,958.94,USD,958.94,USD,958.94,0.0,Sylvain Grateau,Closed Won,11/21/2022,Ericsson Belgium,2022-12-01,Europe,Ericsson Belgium,Prospect,Public Platform,Telco,Robert FROGER,1,958.94,958.94,Recurring,958.94,0.0,958.94,12,Q3
Ericsson Belgium,DT Belgique TELENET 2022,Europe,,PO# 00001870,20230101081,1/12/2023,4527685612,DT Belgique TELENET semestre 2 T4-2022,USD,25645.56,USD,8550.23,USD,25645.56,0.0,Sylvain Grateau,Closed Won,1/17/2022,Ericsson Belgium,2022-12-01,Europe,Ericsson Belgium,Prospect,Public Platform,Telco,Robert FROGER,3,8548.52,8548.52,Recurring,8550.23,1.7099999999991269,8550.23,12,Q3
Ericsson Belgium,DT Belgique TELENET All Areas_part5,Europe,Services(R),PO# 00001963,20221201062,12/27/2022,4528172939,DT Belgique TELENET All Areas_part5,USD,641.14,USD,641.14,USD,641.14,0.0,Sylvain Grateau,Closed Won,12/20/2022,Ericsson Belgium,2022-12-01,Europe,Ericsson Belgium,Prospect,Public Platform,Telco,Robert FROGER,1,641.14,641.14,Recurring,641.14,0.0,641.14,12,Q3
Ericsson Belgium,DT Belgique TELENET 2023-Single Site,Europe,Services(R),PO# 00001964,,,4528221333,DT Belgique TELENET 2023-Single Site,,,USD,5527.06,USD,5527.06,0.0,Sylvain Grateau,Closed Won,1/1/2023,Ericsson Belgium,2023-01-01,Europe,Ericsson Belgium,Prospect,Public Platform,Telco,Robert FROGER,1,0.0,5527.06,Recurring,5527.06,5527.06,5527.06,1,Q4
Ericsson Belgium,DT Belgique TELENET 2023-Customer Complaint,Europe,Services(R),PO# 00001966,,,4528221333,DT Belgique TELENET 2023-Customer Complaint,,,USD,2210.82,USD,2210.82,0.0,Sylvain Grateau,Closed Won,1/1/2023,Ericsson Belgium,2023-01-01,Europe,Ericsson Belgium,Prospect,Public Platform,Telco,Robert FROGER,1,0.0,2210.82,Recurring,2210.82,2210.82,2210.82,1,Q4
Ericsson Belgium,DT Belgique TELENET 2023-Cluster,Europe,Services(R),PO# 00001965,,,4528221333,DT Belgique TELENET 2023-Cluster,,,USD,2210.82,USD,2210.82,0.0,Sylvain Grateau,Closed Won,1/1/2023,Ericsson Belgium,2023-01-01,Europe,Ericsson Belgium,Prospect,Public Platform,Telco,Robert FROGER,1,0.0,2210.82,Recurring,2210.82,2210.82,2210.82,1,Q4
Ericsson Belgium,DT Luxembourg POST Quarter1-2023,Europe,Services(R),PO# 00002088,,,,DT Luxembourg POST Quarter1-2023,,,USD,729.57,USD,2210.82,0.0,Sylvain Grateau,Closed Won,1/2/2023,Ericsson Belgium,2023-01-01,Europe,Ericsson Belgium,Prospect,Public Platform,Telco,Robert FROGER,3,0.0,736.94,Recurring,729.57,729.57,729.57,1,Q4
Ericsson Belgium,DT Luxembourg POST Quarter1-2023,Europe,Services(R),PO# 00002088,,,,DT Luxembourg POST Quarter1-2023,,,USD,729.57,USD,2210.82,0.0,Sylvain Grateau,Closed Won,1/2/2023,Ericsson Belgium,2023-02-01,Europe,Ericsson Belgium,Prospect,Public Platform,Telco,Robert FROGER,3,0.0,736.94,Recurring,729.57,729.57,729.57,2,Q4
Ericsson Belgium,DT Luxembourg POST Quarter1-2023,Europe,Services(R),PO# 00002088,,,,DT Luxembourg POST Quarter1-2023,,,USD,751.68,USD,2210.82,0.0,Sylvain Grateau,Closed Won,1/2/2023,Ericsson Belgium,2023-03-01,Europe,Ericsson Belgium,Prospect,Public Platform,Telco,Robert FROGER,3,0.0,736.94,Recurring,751.68,751.68,751.68,3,Q4
Ericsson France,ERICSONN Order for 2023,Europe,Services(R),PO# 00001620,,,,ERCISSON T2 2023,,,USD,23865.85,USD,70193.67,0.0,Ali Boudaoud,Negotiation,3/31/2023,Ericsson France,2022-04-01,Europe,Ericsson France,Integrator,Public Platform,Telco,Sales-EMEA,1,0.0,70193.67,Recurring,23865.85,23865.85,23865.85,4,Q1
Ericsson France,DT Validation DL Slot Blanking,Europe,Services(R),PO# 00001768,2022060914,6/9/2022,4527042842,DT Validation DL Slot Blanking,USD,9687.83,USD,9687.83,USD,9687.83,0.0,Sylvain Grateau,Closed Won,3/31/2022,Ericsson France,2022-04-01,Europe,Ericsson France,Integrator,Public Platform,Telco,Sales-EMEA,1,9687.83,9687.83,Recurring,9687.83,0.0,9687.83,4,Q1
Ericsson France,DT Validation HW R2260 B1/B3,Europe,Services(R),PO# 00001769,2022060913,6/9/2022,4526991444,DT Validation HW R2260 B1/B3,USD,6517.51,USD,3258.75,USD,6517.51,0.0,Sylvain Grateau,Closed Won,3/31/2022,Ericsson France,2022-04-01,Europe,Ericsson France,Integrator,Public Platform,Telco,Sales-EMEA,2,3258.755,3258.755,Recurring,3258.75,-0.005000000000109139,3258.75,4,Q1
Ericsson France,DT Validation R2262,Europe,Services(R),PO# 00001794,2022080962,8/18/2022,4527347411,DT Validation R2262,USD,20184.82,USD,20184.82,USD,20184.82,0.0,Sylvain Grateau,Closed Won,5/10/2022,Ericsson France,2022-05-01,Europe,Ericsson France,Integrator,Public Platform,Telco,Sales-EMEA,1,20184.82,20184.82,Recurring,20184.82,0.0,20184.82,5,Q1
Ericsson France,DT Validation HW R2260 B1/B3,Europe,Services(R),PO# 00001769,2022060913,6/9/2022,4526991444,DT Validation HW R2260 B1/B3,USD,6517.51,USD,3258.75,USD,6517.51,0.0,Sylvain Grateau,Closed Won,3/31/2022,Ericsson France,2022-05-01,Europe,Ericsson France,Integrator,Public Platform,Telco,Sales-EMEA,2,3258.755,3258.755,Recurring,3258.75,-0.005000000000109139,3258.75,5,Q1
Ericsson France,Mesures Bridge-vérif DOT,Europe,Services(R),PO# 00001802,2022050905,5/31/2022,4527011636,Mesures Bridge-vérif DOT,USD,436.64,USD,436.64,USD,436.64,0.0,Sylvain Grateau,Closed Won,5/20/2022,Ericsson France,2022-05-01,Europe,Ericsson France,Integrator,Public Platform,Telco,Sales-EMEA,1,436.64,436.64,Recurring,436.64,0.0,436.64,5,Q1
Ericsson France,DT Validation AIR 3237-Orange-Mai,Europe,Services(R),PO# 00001836,2022080961,8/16/2022,4527377946,DT Validation AIR 3237-Orange-Mai,USD,7869.43,USD,7869.43,USD,7869.43,0.0,Sylvain Grateau,Closed Won,5/15/2022,Ericsson France,2022-05-01,Europe,Ericsson France,Integrator,Public Platform,Telco,Sales-EMEA,1,7869.43,7869.43,Recurring,7869.43,0.0,7869.43,5,Q1
Ericsson France,DT Validation AIR 3218,Europe,Services(R),PO# 00001810,2022090998,9/26/2022,4527687272,DT Validation AIR 3218,USD,16029.58,USD,16029.58,USD,16029.58,0.0,Sylvain Grateau,Closed Won,5/31/2022,Ericsson France,2022-06-01,Europe,Ericsson France,Integrator,Public Platform,Telco,Sales-EMEA,1,16029.58,16029.58,Recurring,16029.58,0.0,16029.58,6,Q1
Ericsson France,DT Validation Feature DIM,Europe,Services(R),PO# 00001831,2022090999,9/26/2022,4527685877,DT Validation Feature DIM,USD,16733.73,USD,16733.73,USD,16733.73,0.0,Sylvain Grateau,Closed Won,5/16/2022,Ericsson France,2022-06-01,Europe,Ericsson France,Integrator,Public Platform,Telco,Sales-EMEA,1,16733.73,16733.73,Recurring,16733.73,0.0,16733.73,6,Q1
Ericsson France,DT Validation AIR 3218-part2,Europe,Services(R),PO# 00001871,20221101023-20221101024-20221101025,11/4/2022,4527893235 + 4527890498 + 4527899877,DT Validation AIR 3218-part2,USD,27434.12,USD,13717.06,USD,27434.12,0.0,Sylvain Grateau,Closed Won,8/29/2022,Ericsson France,2022-06-01,Europe,Ericsson France,Integrator,Public Platform,Telco,Sales-EMEA,2,13717.06,13717.06,Recurring,13717.06,0.0,13717.06,6,Q1
Ericsson France,DT LTE privée Arcelor Mittal,Europe,Services(R),PO# 00001789,20221001017,10/21/2022,4527716235,DT LTE privée Arcelor Mittal,USD,20678.94,USD,20678.94,USD,20678.94,0.0,Sylvain Grateau,Closed Won,9/1/2022,Ericsson France,2022-09-01,Europe,Ericsson France,Integrator,Public Platform,Telco,Sales-EMEA,1,20678.94,20678.94,Recurring,20678.94,0.0,20678.94,9,Q2
Ericsson France,DT Validation AIR 3218-part2,Europe,Services(R),PO# 00001871,20221101023-20221101024-20221101025,11/4/2022,4527893235 + 4527890498 + 4527899877,DT Validation AIR 3218-part2,USD,27434.12,USD,13717.06,USD,27434.12,0.0,Sylvain Grateau,Closed Won,8/29/2022,Ericsson France,2022-09-01,Europe,Ericsson France,Integrator,Public Platform,Telco,Sales-EMEA,2,13717.06,13717.06,Recurring,13717.06,0.0,13717.06,9,Q2
Ericsson France,DT LTE privée Arcelor Mittal,Europe,Services(R),PO# 00001876,20221101032,11/14/2022,4527854089,DT LTE privée Arcelor Mittal-part2,USD,4915.77,USD,4915.77,USD,4915.77,0.0,Sylvain Grateau,Closed Won,9/1/2022,Ericsson France,2022-09-01,Europe,Ericsson France,Integrator,Public Platform,Telco,Sales-EMEA,1,4915.77,4915.77,Recurring,4915.77,0.0,4915.77,9,Q2
Ericsson France,DT Validation RP 6651,Europe,Services(R),PO# 00001902,20221201059,12/14/2022,4528128823,DT Validation RP 6651,USD,6391.49,USD,6391.49,USD,6391.49,0.0,Sylvain Grateau,Closed Won,10/3/2022,Ericsson France,2022-10-01,Europe,Ericsson France,Integrator,Public Platform,Telco,Sales-EMEA,1,6391.49,6391.49,Recurring,6391.49,0.0,6391.49,10,Q3
Ericsson France,DT Validation AIR3268,Europe,Services(R),PO# 00001904,20230101077,1/10/2023,4528151404,DT Validation AIR3268,USD,11151.4,USD,5575.7,USD,11151.4,0.0,Sylvain Grateau,Closed Won,11/23/2022,Ericsson France,2022-11-01,Europe,Ericsson France,Integrator,Public Platform,Telco,Sales-EMEA,2,5575.7,5575.7,Recurring,5575.7,0.0,5575.7,11,Q3
Ericsson France,DT Bench 5G,Europe,Services(R),PO# 00001901,20221201056,12/12/2022,4528081533,DT Bench 5G,USD,7266.98,USD,7266.98,USD,7266.98,0.0,Sylvain Grateau,Closed Won,11/18/2022,Ericsson France,2022-11-01,Europe,Ericsson France,Integrator,Public Platform,Telco,Sales-EMEA,1,7266.98,7266.98,Recurring,7266.98,0.0,7266.98,11,Q3
Ericsson France,DT Validation 2262-PIMC,Europe,Services(R),PO# 00001912,20230101076,1/10/2023,4528241183,DT Validation 2262-PIMC,USD,11457.6,USD,11457.6,USD,11457.6,0.0,Sylvain Grateau,Closed Won,11/30/2022,Ericsson France,2022-12-01,Europe,Ericsson France,Integrator,Public Platform,Telco,Sales-EMEA,1,11457.6,11457.6,Recurring,11457.6,0.0,11457.6,12,Q3
Ericsson France,DT Validation AIR3268,Europe,Services(R),PO# 00001904,20230101077,1/10/2023,4528151404,DT Validation AIR3268,USD,11151.4,USD,5575.7,USD,11151.4,0.0,Sylvain Grateau,Closed Won,11/23/2022,Ericsson France,2022-12-01,Europe,Ericsson France,Integrator,Public Platform,Telco,Sales-EMEA,2,5575.7,5575.7,Recurring,5575.7,0.0,5575.7,12,Q3
Ericsson France,DT Validation N22Q3,Europe,Services(R),PO# 00001909,20230101075,1/10/2023,4528241209,DT Validation N22Q3,USD,12782.99,USD,12782.99,USD,12782.99,0.0,Sylvain Grateau,Closed Won,11/28/2022,Ericsson France,2022-12-01,Europe,Ericsson France,Integrator,Public Platform,Telco,Sales-EMEA,1,12782.99,12782.99,Recurring,12782.99,0.0,12782.99,12,Q3
Ericsson France,DT Validation AIR3268-KPI3,Europe,Services(R),PO# 00001951,20230101078,1/10/2023,4528128784,DT Validation AIR3268-KPI3,USD,9587.24,USD,9587.24,USD,9587.24,0.0,Sylvain Grateau,Closed Won,12/12/2022,Ericsson France,2022-12-01,Europe,Ericsson France,Integrator,Public Platform,Telco,Sales-EMEA,1,9587.24,9587.24,Recurring,9587.24,0.0,9587.24,12,Q3
Ericsson France,ERICSONN Order for 2023,Europe,Services(R),PO# 00001619,,,,ERCISSON T1 2023,,,USD,23865.85,USD,70193.67,0.0,Ali Boudaoud,Negotiation,3/31/2023,Ericsson France,2023-01-01,Europe,Ericsson France,Integrator,Public Platform,Telco,Sales-EMEA,3,0.0,23397.89,Recurring,23865.85,23865.85,23865.85,1,Q4
Ericsson France,DT SNCF 5G SA 26GHz,Europe,Services(R),PO# 00001911,,,,DT SNCF 5G SA 26GHz,,,USD,1629.38,USD,1629.38,0.0,Sylvain Grateau,Closed Won,2/1/2023,Ericsson France,2023-01-01,Europe,Ericsson France,Integrator,Public Platform,Telco,Sales-EMEA,1,0.0,1629.38,Recurring,1629.38,1629.38,1629.38,1,Q4
Ericsson France,DT Validation 2262-PIMC-PT supplémentaire,Europe,Services(R),PO# 00002089,20230101086,1/23/2023,4528346295,,USD,662.14,USD,662.14,USD,662.14,0.0,Sylvain Grateau,Closed Won,1/18/2023,Ericsson France,2023-01-01,Europe,Ericsson France,Integrator,Public Platform,Telco,Sales-EMEA,1,662.14,662.14,Recurring,662.14,0.0,662.14,1,Q4
Ericsson France,ERICSONN Order for 2023,Europe,Services(R),PO# 00001619,,,,ERCISSON T1 2023,,,USD,23163.91,USD,70193.67,0.0,Ali Boudaoud,Negotiation,3/31/2023,Ericsson France,2023-02-01,Europe,Ericsson France,Integrator,Public Platform,Telco,Sales-EMEA,3,0.0,23397.89,Recurring,23163.91,23163.91,23163.91,2,Q4
Ericsson France,ERICSONN Order for 2023,Europe,Services(R),PO# 00001619,,,,ERCISSON T1 2023,,,USD,23163.91,USD,70193.67,0.0,Ali Boudaoud,Negotiation,3/31/2023,Ericsson France,2023-03-01,Europe,Ericsson France,Integrator,Public Platform,Telco,Sales-EMEA,3,0.0,23397.89,Recurring,23163.91,23163.91,23163.91,3,Q4
Euroconsumers,Euroconsumers - White label 2022,Europe,Platform(R),PO# 00001499,2022010807,1/10/2022,,OCU - abonnement marque blanche 2022,USD,17244.43,USD,1436.46,USD,17244.43,0.0,CXO,Closed Won,1/10/2022,Euroconsumers,2022-04-01,Europe,Euroconsumers,Customer,Public Platform,Consumer Forum,Sales-EMEA,9,1916.0477777777778,1916.0477777777778,Recurring,1436.46,-479.5877777777778,1436.46,4,Q1
Euroconsumers,Euroconsumers - White label 2022,Europe,Platform(R),PO# 00001500,2022010806,1/10/2022,,Test Achats - abonnement marque blanche 2022,USD,17244.43,USD,1436.46,USD,17244.43,0.0,CXO,Closed Won,1/10/2022,Euroconsumers,2022-04-01,Europe,Euroconsumers,Customer,Public Platform,Consumer Forum,Sales-EMEA,9,1916.0477777777778,1916.0477777777778,Recurring,1436.46,-479.5877777777778,1436.46,4,Q1
Euroconsumers,Euroconsumers - White label 2022,Europe,Platform(R),PO# 00001497,2022010808,1/10/2022,,Altro Consumo - abonnement marque blanche 2022,USD,17244.43,USD,1436.46,USD,17244.43,0.0,CXO,Closed Won,1/10/2022,Euroconsumers,2022-04-01,Europe,Euroconsumers,Customer,Public Platform,Consumer Forum,Sales-EMEA,9,1916.0477777777778,1916.0477777777778,Recurring,1436.46,-479.5877777777778,1436.46,4,Q1
Euroconsumers,Euroconsumers - White label 2022,Europe,Platform(R),PO# 00001498,2022010809,1/10/2022,,Deco Proteste - abonnement marque blanche 2022,USD,17244.43,USD,1436.46,USD,17244.43,0.0,CXO,Closed Won,1/10/2022,Euroconsumers,2022-04-01,Europe,Euroconsumers,Customer,Public Platform,Consumer Forum,Sales-EMEA,9,1916.0477777777778,1916.0477777777778,Recurring,1436.46,-479.5877777777778,1436.46,4,Q1
Euroconsumers,Euroconsumers - White label 2022,Europe,Platform(R),PO# 00001499,2022010807,1/10/2022,,OCU - abonnement marque blanche 2022,USD,17244.43,USD,1436.46,USD,17244.43,0.0,CXO,Closed Won,1/10/2022,Euroconsumers,2022-05-01,Europe,Euroconsumers,Customer,Public Platform,Consumer Forum,Sales-EMEA,9,1916.0477777777778,1916.0477777777778,Recurring,1436.46,-479.5877777777778,1436.46,5,Q1
Euroconsumers,Euroconsumers - White label 2022,Europe,Platform(R),PO# 00001500,2022010806,1/10/2022,,Test Achats - abonnement marque blanche 2022,USD,17244.43,USD,1436.46,USD,17244.43,0.0,CXO,Closed Won,1/10/2022,Euroconsumers,2022-05-01,Europe,Euroconsumers,Customer,Public Platform,Consumer Forum,Sales-EMEA,9,1916.0477777777778,1916.0477777777778,Recurring,1436.46,-479.5877777777778,1436.46,5,Q1
Euroconsumers,Euroconsumers - White label 2022,Europe,Platform(R),PO# 00001497,2022010808,1/10/2022,,Altro Consumo - abonnement marque blanche 2022,USD,17244.43,USD,1436.46,USD,17244.43,0.0,CXO,Closed Won,1/10/2022,Euroconsumers,2022-05-01,Europe,Euroconsumers,Customer,Public Platform,Consumer Forum,Sales-EMEA,9,1916.0477777777778,1916.0477777777778,Recurring,1436.46,-479.5877777777778,1436.46,5,Q1
Euroconsumers,Euroconsumers - White label 2022,Europe,Platform(R),PO# 00001498,2022010809,1/10/2022,,Deco Proteste - abonnement marque blanche 2022,USD,17244.43,USD,1436.46,USD,17244.43,0.0,CXO,Closed Won,1/10/2022,Euroconsumers,2022-05-01,Europe,Euroconsumers,Customer,Public Platform,Consumer Forum,Sales-EMEA,9,1916.0477777777778,1916.0477777777778,Recurring,1436.46,-479.5877777777778,1436.46,5,Q1
Euroconsumers,Euroconsumers - White label 2022,Europe,Platform(R),PO# 00001499,2022010807,1/10/2022,,OCU - abonnement marque blanche 2022,USD,17244.43,USD,1438.19,USD,17244.43,0.0,CXO,Closed Won,1/10/2022,Euroconsumers,2022-06-01,Europe,Euroconsumers,Customer,Public Platform,Consumer Forum,Sales-EMEA,9,1916.0477777777778,1916.0477777777778,Recurring,1438.19,-477.85777777777776,1438.19,6,Q1
Euroconsumers,Euroconsumers - White label 2022,Europe,Platform(R),PO# 00001500,2022010806,1/10/2022,,Test Achats - abonnement marque blanche 2022,USD,17244.43,USD,1438.19,USD,17244.43,0.0,CXO,Closed Won,1/10/2022,Euroconsumers,2022-06-01,Europe,Euroconsumers,Customer,Public Platform,Consumer Forum,Sales-EMEA,9,1916.0477777777778,1916.0477777777778,Recurring,1438.19,-477.85777777777776,1438.19,6,Q1
Euroconsumers,Euroconsumers - White label 2022,Europe,Platform(R),PO# 00001497,2022010808,1/10/2022,,Altro Consumo - abonnement marque blanche 2022,USD,17244.43,USD,1438.19,USD,17244.43,0.0,CXO,Closed Won,1/10/2022,Euroconsumers,2022-06-01,Europe,Euroconsumers,Customer,Public Platform,Consumer Forum,Sales-EMEA,9,1916.0477777777778,1916.0477777777778,Recurring,1438.19,-477.85777777777776,1438.19,6,Q1
Euroconsumers,Euroconsumers - White label 2022,Europe,Platform(R),PO# 00001498,2022010809,1/10/2022,,Deco Proteste - abonnement marque blanche 2022,USD,17244.43,USD,1438.19,USD,17244.43,0.0,CXO,Closed Won,1/10/2022,Euroconsumers,2022-06-01,Europe,Euroconsumers,Customer,Public Platform,Consumer Forum,Sales-EMEA,9,1916.0477777777778,1916.0477777777778,Recurring,1438.19,-477.85777777777776,1438.19,6,Q1
Euroconsumers,Euroconsumers - White label 2022,Europe,Platform(R),PO# 00001499,2022010807,1/10/2022,,OCU - abonnement marque blanche 2022,USD,17244.43,USD,1436.46,USD,17244.43,0.0,CXO,Closed Won,1/10/2022,Euroconsumers,2022-07-01,Europe,Euroconsumers,Customer,Public Platform,Consumer Forum,Sales-EMEA,9,1916.0477777777778,1916.0477777777778,Recurring,1436.46,-479.5877777777778,1436.46,7,Q2
Euroconsumers,Euroconsumers - White label 2022,Europe,Platform(R),PO# 00001500,2022010806,1/10/2022,,Test Achats - abonnement marque blanche 2022,USD,17244.43,USD,1436.46,USD,17244.43,0.0,CXO,Closed Won,1/10/2022,Euroconsumers,2022-07-01,Europe,Euroconsumers,Customer,Public Platform,Consumer Forum,Sales-EMEA,9,1916.0477777777778,1916.0477777777778,Recurring,1436.46,-479.5877777777778,1436.46,7,Q2
Euroconsumers,Euroconsumers - White label 2022,Europe,Platform(R),PO# 00001497,2022010808,1/10/2022,,Altro Consumo - abonnement marque blanche 2022,USD,17244.43,USD,1436.46,USD,17244.43,0.0,CXO,Closed Won,1/10/2022,Euroconsumers,2022-07-01,Europe,Euroconsumers,Customer,Public Platform,Consumer Forum,Sales-EMEA,9,1916.0477777777778,1916.0477777777778,Recurring,1436.46,-479.5877777777778,1436.46,7,Q2
Euroconsumers,Euroconsumers - White label 2022,Europe,Platform(R),PO# 00001498,2022010809,1/10/2022,,Deco Proteste - abonnement marque blanche 2022,USD,17244.43,USD,1436.46,USD,17244.43,0.0,CXO,Closed Won,1/10/2022,Euroconsumers,2022-07-01,Europe,Euroconsumers,Customer,Public Platform,Consumer Forum,Sales-EMEA,9,1916.0477777777778,1916.0477777777778,Recurring,1436.46,-479.5877777777778,1436.46,7,Q2
Euroconsumers,Euroconsumers - White label 2022,Europe,Platform(R),PO# 00001499,2022010807,1/10/2022,,OCU - abonnement marque blanche 2022,USD,17244.43,USD,1436.46,USD,17244.43,0.0,CXO,Closed Won,1/10/2022,Euroconsumers,2022-08-01,Europe,Euroconsumers,Customer,Public Platform,Consumer Forum,Sales-EMEA,9,1916.0477777777778,1916.0477777777778,Recurring,1436.46,-479.5877777777778,1436.46,8,Q2
Euroconsumers,Euroconsumers - White label 2022,Europe,Platform(R),PO# 00001500,2022010806,1/10/2022,,Test Achats - abonnement marque blanche 2022,USD,17244.43,USD,1436.46,USD,17244.43,0.0,CXO,Closed Won,1/10/2022,Euroconsumers,2022-08-01,Europe,Euroconsumers,Customer,Public Platform,Consumer Forum,Sales-EMEA,9,1916.0477777777778,1916.0477777777778,Recurring,1436.46,-479.5877777777778,1436.46,8,Q2
Euroconsumers,Euroconsumers - White label 2022,Europe,Platform(R),PO# 00001497,2022010808,1/10/2022,,Altro Consumo - abonnement marque blanche 2022,USD,17244.43,USD,1436.46,USD,17244.43,0.0,CXO,Closed Won,1/10/2022,Euroconsumers,2022-08-01,Europe,Euroconsumers,Customer,Public Platform,Consumer Forum,Sales-EMEA,9,1916.0477777777778,1916.0477777777778,Recurring,1436.46,-479.5877777777778,1436.46,8,Q2
Euroconsumers,Euroconsumers - White label 2022,Europe,Platform(R),PO# 00001498,2022010809,1/10/2022,,Deco Proteste - abonnement marque blanche 2022,USD,17244.43,USD,1436.46,USD,17244.43,0.0,CXO,Closed Won,1/10/2022,Euroconsumers,2022-08-01,Europe,Euroconsumers,Customer,Public Platform,Consumer Forum,Sales-EMEA,9,1916.0477777777778,1916.0477777777778,Recurring,1436.46,-479.5877777777778,1436.46,8,Q2
Euroconsumers,Euroconsumers - White label 2022,Europe,Platform(R),PO# 00001499,2022010807,1/10/2022,,OCU - abonnement marque blanche 2022,USD,17244.43,USD,1438.19,USD,17244.43,0.0,CXO,Closed Won,1/10/2022,Euroconsumers,2022-09-01,Europe,Euroconsumers,Customer,Public Platform,Consumer Forum,Sales-EMEA,9,1916.0477777777778,1916.0477777777778,Recurring,1438.19,-477.85777777777776,1438.19,9,Q2
Euroconsumers,Euroconsumers - White label 2022,Europe,Platform(R),PO# 00001500,2022010806,1/10/2022,,Test Achats - abonnement marque blanche 2022,USD,17244.43,USD,1438.19,USD,17244.43,0.0,CXO,Closed Won,1/10/2022,Euroconsumers,2022-09-01,Europe,Euroconsumers,Customer,Public Platform,Consumer Forum,Sales-EMEA,9,1916.0477777777778,1916.0477777777778,Recurring,1438.19,-477.85777777777776,1438.19,9,Q2
Euroconsumers,Euroconsumers - White label 2022,Europe,Platform(R),PO# 00001497,2022010808,1/10/2022,,Altro Consumo - abonnement marque blanche 2022,USD,17244.43,USD,1438.19,USD,17244.43,0.0,CXO,Closed Won,1/10/2022,Euroconsumers,2022-09-01,Europe,Euroconsumers,Customer,Public Platform,Consumer Forum,Sales-EMEA,9,1916.0477777777778,1916.0477777777778,Recurring,1438.19,-477.85777777777776,1438.19,9,Q2
Euroconsumers,Euroconsumers - White label 2022,Europe,Platform(R),PO# 00001498,2022010809,1/10/2022,,Deco Proteste - abonnement marque blanche 2022,USD,17244.43,USD,1438.19,USD,17244.43,0.0,CXO,Closed Won,1/10/2022,Euroconsumers,2022-09-01,Europe,Euroconsumers,Customer,Public Platform,Consumer Forum,Sales-EMEA,9,1916.0477777777778,1916.0477777777778,Recurring,1438.19,-477.85777777777776,1438.19,9,Q2
Euroconsumers,Euroconsumers - White label 2022,Europe,Platform(R),PO# 00001499,2022010807,1/10/2022,,OCU - abonnement marque blanche 2022,USD,17244.43,USD,1436.46,USD,17244.43,0.0,CXO,Closed Won,1/10/2022,Euroconsumers,2022-10-01,Europe,Euroconsumers,Customer,Public Platform,Consumer Forum,Sales-EMEA,9,1916.0477777777778,1916.0477777777778,Recurring,1436.46,-479.5877777777778,1436.46,10,Q3
Euroconsumers,Euroconsumers - White label 2022,Europe,Platform(R),PO# 00001500,2022010806,1/10/2022,,Test Achats - abonnement marque blanche 2022,USD,17244.43,USD,1436.46,USD,17244.43,0.0,CXO,Closed Won,1/10/2022,Euroconsumers,2022-10-01,Europe,Euroconsumers,Customer,Public Platform,Consumer Forum,Sales-EMEA,9,1916.0477777777778,1916.0477777777778,Recurring,1436.46,-479.5877777777778,1436.46,10,Q3
Euroconsumers,Euroconsumers - White label 2022,Europe,Platform(R),PO# 00001497,2022010808,1/10/2022,,Altro Consumo - abonnement marque blanche 2022,USD,17244.43,USD,1436.46,USD,17244.43,0.0,CXO,Closed Won,1/10/2022,Euroconsumers,2022-10-01,Europe,Euroconsumers,Customer,Public Platform,Consumer Forum,Sales-EMEA,9,1916.0477777777778,1916.0477777777778,Recurring,1436.46,-479.5877777777778,1436.46,10,Q3
Euroconsumers,Euroconsumers - White label 2022,Europe,Platform(R),PO# 00001498,2022010809,1/10/2022,,Deco Proteste - abonnement marque blanche 2022,USD,17244.43,USD,1436.46,USD,17244.43,0.0,CXO,Closed Won,1/10/2022,Euroconsumers,2022-10-01,Europe,Euroconsumers,Customer,Public Platform,Consumer Forum,Sales-EMEA,9,1916.0477777777778,1916.0477777777778,Recurring,1436.46,-479.5877777777778,1436.46,10,Q3
Euroconsumers,Euroconsumers - White label 2022,Europe,Platform(R),PO# 00001499,2022010807,1/10/2022,,OCU - abonnement marque blanche 2022,USD,17244.43,USD,1436.46,USD,17244.43,0.0,CXO,Closed Won,1/10/2022,Euroconsumers,2022-11-01,Europe,Euroconsumers,Customer,Public Platform,Consumer Forum,Sales-EMEA,9,1916.0477777777778,1916.0477777777778,Recurring,1436.46,-479.5877777777778,1436.46,11,Q3
Euroconsumers,Euroconsumers - White label 2022,Europe,Platform(R),PO# 00001500,2022010806,1/10/2022,,Test Achats - abonnement marque blanche 2022,USD,17244.43,USD,1436.46,USD,17244.43,0.0,CXO,Closed Won,1/10/2022,Euroconsumers,2022-11-01,Europe,Euroconsumers,Customer,Public Platform,Consumer Forum,Sales-EMEA,9,1916.0477777777778,1916.0477777777778,Recurring,1436.46,-479.5877777777778,1436.46,11,Q3
Euroconsumers,Euroconsumers - White label 2022,Europe,Platform(R),PO# 00001497,2022010808,1/10/2022,,Altro Consumo - abonnement marque blanche 2022,USD,17244.43,USD,1436.46,USD,17244.43,0.0,CXO,Closed Won,1/10/2022,Euroconsumers,2022-11-01,Europe,Euroconsumers,Customer,Public Platform,Consumer Forum,Sales-EMEA,9,1916.0477777777778,1916.0477777777778,Recurring,1436.46,-479.5877777777778,1436.46,11,Q3
Euroconsumers,Euroconsumers - White label 2022,Europe,Platform(R),PO# 00001498,2022010809,1/10/2022,,Deco Proteste - abonnement marque blanche 2022,USD,17244.43,USD,1436.46,USD,17244.43,0.0,CXO,Closed Won,1/10/2022,Euroconsumers,2022-11-01,Europe,Euroconsumers,Customer,Public Platform,Consumer Forum,Sales-EMEA,9,1916.0477777777778,1916.0477777777778,Recurring,1436.46,-479.5877777777778,1436.46,11,Q3
Euroconsumers,Euroconsumers - White label 2022,Europe,Platform(R),PO# 00001499,2022010807,1/10/2022,,OCU - abonnement marque blanche 2022,USD,17244.43,USD,1438.19,USD,17244.43,0.0,CXO,Closed Won,1/10/2022,Euroconsumers,2022-12-01,Europe,Euroconsumers,Customer,Public Platform,Consumer Forum,Sales-EMEA,9,1916.0477777777778,1916.0477777777778,Recurring,1438.19,-477.85777777777776,1438.19,12,Q3
Euroconsumers,Euroconsumers - White label 2022,Europe,Platform(R),PO# 00001500,2022010806,1/10/2022,,Test Achats - abonnement marque blanche 2022,USD,17244.43,USD,1438.19,USD,17244.43,0.0,CXO,Closed Won,1/10/2022,Euroconsumers,2022-12-01,Europe,Euroconsumers,Customer,Public Platform,Consumer Forum,Sales-EMEA,9,1916.0477777777778,1916.0477777777778,Recurring,1438.19,-477.85777777777776,1438.19,12,Q3
Euroconsumers,Euroconsumers - White label 2022,Europe,Platform(R),PO# 00001497,2022010808,1/10/2022,,Altro Consumo - abonnement marque blanche 2022,USD,17244.43,USD,1438.19,USD,17244.43,0.0,CXO,Closed Won,1/10/2022,Euroconsumers,2022-12-01,Europe,Euroconsumers,Customer,Public Platform,Consumer Forum,Sales-EMEA,9,1916.0477777777778,1916.0477777777778,Recurring,1438.19,-477.85777777777776,1438.19,12,Q3
Euroconsumers,Euroconsumers - White label 2022,Europe,Platform(R),PO# 00001498,2022010809,1/10/2022,,Deco Proteste - abonnement marque blanche 2022,USD,17244.43,USD,1438.19,USD,17244.43,0.0,CXO,Closed Won,1/10/2022,Euroconsumers,2022-12-01,Europe,Euroconsumers,Customer,Public Platform,Consumer Forum,Sales-EMEA,9,1916.0477777777778,1916.0477777777778,Recurring,1438.19,-477.85777777777776,1438.19,12,Q3
Euroconsumers,Euroconsumers - White label 2023,Europe,Platform(R),PO# 00002090,,,,Altro Consumo - abonnement marque blanche 2023,,,USD,1436.46,USD,17244.43,0.0,CXO,Verbal,12/5/2022,Euroconsumers,2023-01-01,Europe,Euroconsumers,Customer,Public Platform,Consumer Forum,Sales-EMEA,3,0.0,5748.143333333333,Recurring,1436.46,1436.46,1436.46,1,Q4
Euroconsumers,Euroconsumers - White label 2023,Europe,Platform(R),PO# 00002092,,,,OCU - abonnement marque blanche 2023,,,USD,1436.46,USD,17244.43,0.0,CXO,Verbal,12/5/2022,Euroconsumers,2023-01-01,Europe,Euroconsumers,Customer,Public Platform,Consumer Forum,Sales-EMEA,3,0.0,5748.143333333333,Recurring,1436.46,1436.46,1436.46,1,Q4
Euroconsumers,Euroconsumers - White label 2023,Europe,Platform(R),PO# 00002093,,,,Test Achats - abonnement marque blanche 2023,,,USD,1436.46,USD,17244.43,0.0,CXO,Verbal,12/5/2022,Euroconsumers,2023-01-01,Europe,Euroconsumers,Customer,Public Platform,Consumer Forum,Sales-EMEA,3,0.0,5748.143333333333,Recurring,1436.46,1436.46,1436.46,1,Q4
Euroconsumers,Euroconsumers - White label 2023,Europe,Platform(R),PO# 00002091,,,,Deco Proteste - abonnement marque blanche 2023,,,USD,1436.46,USD,17244.43,0.0,CXO,Verbal,12/5/2022,Euroconsumers,2023-01-01,Europe,Euroconsumers,Customer,Public Platform,Consumer Forum,Sales-EMEA,3,0.0,5748.143333333333,Recurring,1436.46,1436.46,1436.46,1,Q4
Euroconsumers,Euroconsumers - White label 2023,Europe,Platform(R),PO# 00002090,,,,Altro Consumo - abonnement marque blanche 2023,,,USD,1436.46,USD,17244.43,0.0,CXO,Verbal,12/5/2022,Euroconsumers,2023-02-01,Europe,Euroconsumers,Customer,Public Platform,Consumer Forum,Sales-EMEA,3,0.0,5748.143333333333,Recurring,1436.46,1436.46,1436.46,2,Q4
Euroconsumers,Euroconsumers - White label 2023,Europe,Platform(R),PO# 00002092,,,,OCU - abonnement marque blanche 2023,,,USD,1436.46,USD,17244.43,0.0,CXO,Verbal,12/5/2022,Euroconsumers,2023-02-01,Europe,Euroconsumers,Customer,Public Platform,Consumer Forum,Sales-EMEA,3,0.0,5748.143333333333,Recurring,1436.46,1436.46,1436.46,2,Q4
Euroconsumers,Euroconsumers - White label 2023,Europe,Platform(R),PO# 00002093,,,,Test Achats - abonnement marque blanche 2023,,,USD,1436.46,USD,17244.43,0.0,CXO,Verbal,12/5/2022,Euroconsumers,2023-02-01,Europe,Euroconsumers,Customer,Public Platform,Consumer Forum,Sales-EMEA,3,0.0,5748.143333333333,Recurring,1436.46,1436.46,1436.46,2,Q4
Euroconsumers,Euroconsumers - White label 2023,Europe,Platform(R),PO# 00002091,,,,Deco Proteste - abonnement marque blanche 2023,,,USD,1436.46,USD,17244.43,0.0,CXO,Verbal,12/5/2022,Euroconsumers,2023-02-01,Europe,Euroconsumers,Customer,Public Platform,Consumer Forum,Sales-EMEA,3,0.0,5748.143333333333,Recurring,1436.46,1436.46,1436.46,2,Q4
Euroconsumers,Euroconsumers - White label 2023,Europe,Platform(R),PO# 00002090,,,,Altro Consumo - abonnement marque blanche 2023,,,USD,1436.46,USD,17244.43,0.0,CXO,Verbal,12/5/2022,Euroconsumers,2023-03-01,Europe,Euroconsumers,Customer,Public Platform,Consumer Forum,Sales-EMEA,3,0.0,5748.143333333333,Recurring,1436.46,1436.46,1436.46,3,Q4
Euroconsumers,Euroconsumers - White label 2023,Europe,Platform(R),PO# 00002092,,,,OCU - abonnement marque blanche 2023,,,USD,1436.46,USD,17244.43,0.0,CXO,Verbal,12/5/2022,Euroconsumers,2023-03-01,Europe,Euroconsumers,Customer,Public Platform,Consumer Forum,Sales-EMEA,3,0.0,5748.143333333333,Recurring,1436.46,1436.46,1436.46,3,Q4
Euroconsumers,Euroconsumers - White label 2023,Europe,Platform(R),PO# 00002093,,,,Test Achats - abonnement marque blanche 2023,,,USD,1436.46,USD,17244.43,0.0,CXO,Verbal,12/5/2022,Euroconsumers,2023-03-01,Europe,Euroconsumers,Customer,Public Platform,Consumer Forum,Sales-EMEA,3,0.0,5748.143333333333,Recurring,1436.46,1436.46,1436.46,3,Q4
Euroconsumers,Euroconsumers - White label 2023,Europe,Platform(R),PO# 00002091,,,,Deco Proteste - abonnement marque blanche 2023,,,USD,1436.46,USD,17244.43,0.0,CXO,Verbal,12/5/2022,Euroconsumers,2023-03-01,Europe,Euroconsumers,Customer,Public Platform,Consumer Forum,Sales-EMEA,3,0.0,5748.143333333333,Recurring,1436.46,1436.46,1436.46,3,Q4
Folio3,Folio3 - QAppAssure,Other APAC,Platform(R),PO# 00002075,,,,,,,USD,3572.5,USD,25000.0,0.0,Perdiep Jankie,Negotiation,2/15/2023,Folio3,2023-02-01,Other APAC,Folio3,Customer,Application Platform,Others,Sales-APAC,3,0.0,8333.333333333334,Recurring,3572.5,3572.5,3572.5,2,Q4
Folio3,Folio3 - QAppAssure,Other APAC,Platform(R),PO# 00002075,,,,,,,USD,3572.5,USD,25000.0,0.0,Perdiep Jankie,Negotiation,2/15/2023,Folio3,2023-03-01,Other APAC,Folio3,Customer,Application Platform,Others,Sales-APAC,3,0.0,8333.333333333334,Recurring,3572.5,3572.5,3572.5,3,Q4
Folio3,Folio3 - QAppAssure,Other APAC,Platform(R),PO# 00002075,,,,,,,USD,-3572.5,USD,25000.0,0.0,Perdiep Jankie,Negotiation,2/15/2023,Folio3,2023-03-01,Other APAC,Folio3,Customer,Application Platform,Others,Sales-APAC,3,0.0,8333.333333333334,Recurring,-3572.5,-3572.5,-3572.5,3,Q4
FRATEL,FRATEL - plateforme carto,Europe,Platform(R),PO# 00001631,,,,Platform for FRATEL,,,USD,29017.07,USD,82905.91,0.0,Robert FROGER,Closed Won,11/15/2022,FRATEL,2023-01-01,Europe,FRATEL,Prospect,,Asset Owner,Robert FROGER,3,0.0,27635.303333333333,Recurring,29017.07,29017.07,29017.07,1,Q4
FRATEL,FRATEL - plateforme carto,Europe,Platform(R),PO# 00001631,,,,Platform for FRATEL,,,USD,2346.24,USD,82905.91,0.0,Robert FROGER,Closed Won,11/15/2022,FRATEL,2023-02-01,Europe,FRATEL,Prospect,,Asset Owner,Robert FROGER,3,0.0,27635.303333333333,Recurring,2346.24,2346.24,2346.24,2,Q4
FRATEL,FRATEL - plateforme carto,Europe,Platform(R),PO# 00001631,,,,Platform for FRATEL,,,USD,2346.24,USD,82905.91,0.0,Robert FROGER,Closed Won,11/15/2022,FRATEL,2023-03-01,Europe,FRATEL,Prospect,,Asset Owner,Robert FROGER,3,0.0,27635.303333333333,Recurring,2346.24,2346.24,2346.24,3,Q4
Geoptis,KIT Haute Saintonge GEOPTIS,Europe,Platform(R),PO# 00001839,20221101035,11/15/2022,,,USD,13420.7,USD,13420.7,USD,13420.7,0.0,Abdou Seck,Closed Won,6/28/2022,Geoptis,2022-09-01,Europe,Geoptis,Prospect,Public Platform,Others,Robert FROGER,1,13420.7,13420.7,Recurring,13420.7,0.0,13420.7,9,Q2
Geoptis,POC KIT LAPOSTE-GEOPTIS,Europe,,PO# 00001845,20220901004,9/29/2022,,,USD,14961.21,USD,14961.21,USD,14961.21,0.0,Abdou Seck,Closed Won,6/28/2022,Geoptis,2022-09-01,Europe,Geoptis,Prospect,Public Platform,Others,Robert FROGER,1,14961.21,14961.21,Recurring,14961.21,0.0,14961.21,9,Q2
Geoptis,Audit V2 Geoptis Laposte LOT 1,Europe,Platform(R),PO# 00002086,,,,,,,USD,84318.29,USD,252980.19,0.0,Abdou Seck,Closed Won,12/14/2022,Geoptis,2023-01-01,Europe,Geoptis,Prospect,Public Platform,Others,Robert FROGER,3,0.0,84326.73,Recurring,84318.29,84318.29,84318.29,1,Q4
Geoptis,Audit V2 Geoptis Laposte LOT 1,Europe,Platform(R),PO# 00002086,,,,,,,USD,84318.29,USD,252980.19,0.0,Abdou Seck,Closed Won,12/14/2022,Geoptis,2023-02-01,Europe,Geoptis,Prospect,Public Platform,Others,Robert FROGER,3,0.0,84326.73,Recurring,84318.29,84318.29,84318.29,2,Q4
Geoptis,Audit V2 Geoptis Laposte LOT 1,Europe,Platform(R),PO# 00002086,,,,,,,USD,84343.6,USD,252980.19,0.0,Abdou Seck,Closed Won,12/14/2022,Geoptis,2023-03-01,Europe,Geoptis,Prospect,Public Platform,Others,Robert FROGER,3,0.0,84326.73,Recurring,84343.6,84343.6,84343.6,3,Q4
Gigalis - Région Pays de la Loire,Gigalis - White label 5Gmark Crowd - 2022,Europe,,PO# 00001910,20221201053,12/1/2022,,,USD,31835.87,USD,29180.76,USD,31835.87,0.0,Abdou Seck,Closed Won,7/9/2021,Gigalis - Région Pays de la Loire,2022-11-01,Europe,Gigalis - Région Pays de la Loire,Customer,Public Platform,Smart Cities / Territories,Sales-EMEA,2,15917.935,15917.935,Recurring,29180.76,13262.824999999999,29180.76,11,Q3
Gigalis - Région Pays de la Loire,Gigalis - White label 5Gmark Crowd - 2022,Europe,,PO# 00001910,20221201053,12/1/2022,,,USD,31835.87,USD,2655.11,USD,31835.87,0.0,Abdou Seck,Closed Won,7/9/2021,Gigalis - Région Pays de la Loire,2022-12-01,Europe,Gigalis - Région Pays de la Loire,Customer,Public Platform,Smart Cities / Territories,Sales-EMEA,2,15917.935,15917.935,Recurring,2655.11,-13262.824999999999,2655.11,12,Q3
Globe Applications,Globe Platform - 2022 Subscription Renewal of Mozark Aquamark with 5GMark Pro,Philippines,Platform(R),PO# 00001727,2673267362,,,,USD,5542.66,USD,5540.48,USD,66512.4,0.0,Noel Comia,Closed Won,1/4/2022,Globe Applications,2022-04-01,Philippines,Globe Applications,Customer,Application Platform,Telco,Noel Comia,9,615.8511111111111,7390.266666666666,Recurring,5540.48,4924.6288888888885,5540.48,4,Q1
Globe Applications,Globe Platform - 2022 Subscription Renewal of Mozark Aquamark with 5GMark Pro,Philippines,Platform(R),PO# 00001727,2673267362,,,,USD,5542.66,USD,5540.48,USD,66512.4,0.0,Noel Comia,Closed Won,1/4/2022,Globe Applications,2022-05-01,Philippines,Globe Applications,Customer,Application Platform,Telco,Noel Comia,9,615.8511111111111,7390.266666666666,Recurring,5540.48,4924.6288888888885,5540.48,5,Q1
Globe Applications,Globe Platform - 2022 Subscription Renewal of Mozark Aquamark with 5GMark Pro,Philippines,Platform(R),PO# 00001727,2673267362,,,,USD,5542.66,USD,5540.48,USD,66512.4,0.0,Noel Comia,Closed Won,1/4/2022,Globe Applications,2022-06-01,Philippines,Globe Applications,Customer,Application Platform,Telco,Noel Comia,9,615.8511111111111,7390.266666666666,Recurring,5540.48,4924.6288888888885,5540.48,6,Q1
Globe Applications,Globe Platform - 2022 Subscription Renewal of Mozark Aquamark with 5GMark Pro,Philippines,Platform(R),PO# 00001727,2673267362,,,,USD,5542.66,USD,5540.48,USD,66512.4,0.0,Noel Comia,Closed Won,1/4/2022,Globe Applications,2022-07-01,Philippines,Globe Applications,Customer,Application Platform,Telco,Noel Comia,9,615.8511111111111,7390.266666666666,Recurring,5540.48,4924.6288888888885,5540.48,7,Q2
Globe Applications,Globe Platform - 2022 Subscription Renewal of Mozark Aquamark with 5GMark Pro,Philippines,Platform(R),PO# 00001727,2673267362,,,,USD,5542.66,USD,5540.48,USD,66512.4,0.0,Noel Comia,Closed Won,1/4/2022,Globe Applications,2022-08-01,Philippines,Globe Applications,Customer,Application Platform,Telco,Noel Comia,9,615.8511111111111,7390.266666666666,Recurring,5540.48,4924.6288888888885,5540.48,8,Q2
Globe Applications,Globe Platform - 2022 Subscription Renewal of Mozark Aquamark with 5GMark Pro,Philippines,Platform(R),PO# 00001727,2673267362,,,,USD,5542.66,USD,5540.48,USD,66512.4,0.0,Noel Comia,Closed Won,1/4/2022,Globe Applications,2022-09-01,Philippines,Globe Applications,Customer,Application Platform,Telco,Noel Comia,9,615.8511111111111,7390.266666666666,Recurring,5540.48,4924.6288888888885,5540.48,9,Q2
Globe Applications,Globe Platform - 2022 Subscription Renewal of Mozark Aquamark with 5GMark Pro,Philippines,Platform(R),PO# 00001727,2673267362,,,,USD,5542.66,USD,5540.48,USD,66512.4,0.0,Noel Comia,Closed Won,1/4/2022,Globe Applications,2022-10-01,Philippines,Globe Applications,Customer,Application Platform,Telco,Noel Comia,9,615.8511111111111,7390.266666666666,Recurring,5540.48,4924.6288888888885,5540.48,10,Q3
Globe Applications,Globe Platform - 2022 Subscription Renewal of Mozark Aquamark with 5GMark Pro,Philippines,Platform(R),PO# 00001727,2673267362,,,,USD,5542.66,USD,5540.48,USD,66512.4,0.0,Noel Comia,Closed Won,1/4/2022,Globe Applications,2022-11-01,Philippines,Globe Applications,Customer,Application Platform,Telco,Noel Comia,9,615.8511111111111,7390.266666666666,Recurring,5540.48,4924.6288888888885,5540.48,11,Q3
Globe Applications,Globe Platform - 2022 Subscription Renewal of Mozark Aquamark with 5GMark Pro,Philippines,Platform(R),PO# 00001727,2673267362,,,,USD,5542.66,USD,5540.48,USD,66512.4,0.0,Noel Comia,Closed Won,1/4/2022,Globe Applications,2022-12-01,Philippines,Globe Applications,Customer,Application Platform,Telco,Noel Comia,9,615.8511111111111,7390.266666666666,Recurring,5540.48,4924.6288888888885,5540.48,12,Q3
Globe Applications,Globe Telecom AquaMark 2022 (Voice Assurance) P1,Philippines,Platform(R),PO# 00002010,,,,,,,USD,7654.32,USD,131292.0,0.0,Noel Comia,Negotiation,2/28/2023,Globe Applications,2023-01-01,Philippines,Globe Applications,Customer,Application Platform,Telco,Noel Comia,3,0.0,43764.0,Recurring,7654.32,7654.32,7654.32,1,Q4
Globe Applications,Globe Telecom AquaMark 2022 (Voice Assurance) P1,Philippines,Platform(R),PO# 00002009,,,,,,,USD,56268.0,USD,56268.0,0.0,Noel Comia,Negotiation,2/28/2023,Globe Applications,2023-01-01,Philippines,Globe Applications,Customer,Application Platform,Telco,Noel Comia,1,0.0,56268.0,Recurring,56268.0,56268.0,56268.0,1,Q4
Globe Applications,Globe Platform - 2023 Subscription Renewal of Mozark Aquamark with 5GMark Pro,Philippines,Platform(R),PO# 00002006,,,,,,,USD,5540.48,USD,66512.4,0.0,Noel Comia,Closed Won,1/17/2023,Globe Applications,2023-01-01,Philippines,Globe Applications,Customer,Application Platform,Telco,Noel Comia,3,0.0,22170.8,Recurring,5540.48,5540.48,5540.48,1,Q4
Globe Applications,Globe Telecom 2023 Renewal 5G And Aquamark Phase 3 : Part 1 ( Business ),Philippines,Platform(R),PO# 00002011,,,,,,,USD,1079.77,USD,12962.42,0.0,Noel Comia,Verbal,1/24/2023,Globe Applications,2023-01-01,Philippines,Globe Applications,Customer,Application Platform,Telco,Noel Comia,3,0.0,4320.806666666666,Recurring,1079.77,1079.77,1079.77,1,Q4
Globe Applications,Globe Telecom AquaMark 2022 (Voice Assurance) P1,Philippines,Platform(R),PO# 00002010,,,,,,,USD,7654.32,USD,131292.0,0.0,Noel Comia,Negotiation,2/28/2023,Globe Applications,2023-02-01,Philippines,Globe Applications,Customer,Application Platform,Telco,Noel Comia,3,0.0,43764.0,Recurring,7654.32,7654.32,7654.32,2,Q4
Globe Applications,Globe Platform - 2023 Subscription Renewal of Mozark Aquamark with 5GMark Pro,Philippines,Platform(R),PO# 00002006,,,,,,,USD,5540.48,USD,66512.4,0.0,Noel Comia,Closed Won,1/17/2023,Globe Applications,2023-02-01,Philippines,Globe Applications,Customer,Application Platform,Telco,Noel Comia,3,0.0,22170.8,Recurring,5540.48,5540.48,5540.48,2,Q4
Globe Applications,Globe Telecom 2023 Renewal 5G And Aquamark Phase 3 : Part 1 ( Business ),Philippines,Platform(R),PO# 00002011,,,,,,,USD,1079.77,USD,12962.42,0.0,Noel Comia,Verbal,1/24/2023,Globe Applications,2023-02-01,Philippines,Globe Applications,Customer,Application Platform,Telco,Noel Comia,3,0.0,4320.806666666666,Recurring,1079.77,1079.77,1079.77,2,Q4
Globe Applications,Globe Telecom AquaMark 2022 (Voice Assurance) P1,Philippines,Platform(R),PO# 00002010,,,,,,,USD,7654.32,USD,131292.0,0.0,Noel Comia,Negotiation,2/28/2023,Globe Applications,2023-03-01,Philippines,Globe Applications,Customer,Application Platform,Telco,Noel Comia,3,0.0,43764.0,Recurring,7654.32,7654.32,7654.32,3,Q4
Globe Applications,Globe Platform - 2023 Subscription Renewal of Mozark Aquamark with 5GMark Pro,Philippines,Platform(R),PO# 00002006,,,,,,,USD,5540.48,USD,66512.4,0.0,Noel Comia,Closed Won,1/17/2023,Globe Applications,2023-03-01,Philippines,Globe Applications,Customer,Application Platform,Telco,Noel Comia,3,0.0,22170.8,Recurring,5540.48,5540.48,5540.48,3,Q4
Globe Applications,Globe Telecom 2023 Renewal 5G And Aquamark Phase 3 : Part 1 ( Business ),Philippines,Platform(R),PO# 00002011,,,,,,,USD,1079.77,USD,12962.42,0.0,Noel Comia,Verbal,1/24/2023,Globe Applications,2023-03-01,Philippines,Globe Applications,Customer,Application Platform,Telco,Noel Comia,3,0.0,4320.806666666666,Recurring,1079.77,1079.77,1079.77,3,Q4
Globe Innovations,Globe WiFi - Enterprise,Philippines,Services(R),PO# 00002062,,,,,,,USD,1000.0,USD,30000.0,0.0,CXO,Negotiation,4/1/2022,Globe Innovations,2022-07-01,Philippines,Globe Innovations,,Private Platform,Telco,Harriette Go,9,0.0,3333.3333333333335,Recurring,1000.0,1000.0,1000.0,7,Q2
Globe Innovations,Globe WiFi - Enterprise,Philippines,Services(R),PO# 00002062,,,,,,,USD,999.0,USD,30000.0,0.0,CXO,Negotiation,4/1/2022,Globe Innovations,2022-08-01,Philippines,Globe Innovations,,Private Platform,Telco,Harriette Go,9,0.0,3333.3333333333335,Recurring,999.0,999.0,999.0,8,Q2
Globe Innovations,Globe WiFi - Enterprise,Philippines,Services(R),PO# 00002062,,,,,,,USD,999.0,USD,30000.0,0.0,CXO,Negotiation,4/1/2022,Globe Innovations,2022-09-01,Philippines,Globe Innovations,,Private Platform,Telco,Harriette Go,9,0.0,3333.3333333333335,Recurring,999.0,999.0,999.0,9,Q2
Globe Innovations,Globe WiFi - Enterprise,Philippines,Services(R),PO# 00002062,,,,,,,USD,5667.0,USD,30000.0,0.0,CXO,Negotiation,4/1/2022,Globe Innovations,2022-10-01,Philippines,Globe Innovations,,Private Platform,Telco,Harriette Go,9,0.0,3333.3333333333335,Recurring,5667.0,5667.0,5667.0,10,Q3
Globe Innovations,Globe WiFi - Enterprise,Philippines,Services(R),PO# 00002062,,,,,,,USD,5667.0,USD,30000.0,0.0,CXO,Negotiation,4/1/2022,Globe Innovations,2022-11-01,Philippines,Globe Innovations,,Private Platform,Telco,Harriette Go,9,0.0,3333.3333333333335,Recurring,5667.0,5667.0,5667.0,11,Q3
Globe Innovations,Globe WiFi - Enterprise,Philippines,Services(R),PO# 00002062,,,,,,,USD,5667.0,USD,30000.0,0.0,CXO,Negotiation,4/1/2022,Globe Innovations,2022-12-01,Philippines,Globe Innovations,,Private Platform,Telco,Harriette Go,9,0.0,3333.3333333333335,Recurring,5667.0,5667.0,5667.0,12,Q3
Globe Innovations,Globe WiFi - Enterprise,Philippines,Services(R),PO# 00002062,,,,,,,USD,3333.0,USD,30000.0,0.0,CXO,Negotiation,4/1/2022,Globe Innovations,2023-01-01,Philippines,Globe Innovations,,Private Platform,Telco,Harriette Go,9,0.0,3333.3333333333335,Recurring,3333.0,3333.0,3333.0,1,Q4
Globe Innovations,Globe WiFi - Enterprise,Philippines,Services(R),PO# 00002062,,,,,,,USD,3333.0,USD,30000.0,0.0,CXO,Negotiation,4/1/2022,Globe Innovations,2023-02-01,Philippines,Globe Innovations,,Private Platform,Telco,Harriette Go,9,0.0,3333.3333333333335,Recurring,3333.0,3333.0,3333.0,2,Q4
Globe Innovations,Globe WiFi - Enterprise,Philippines,Services(R),PO# 00002062,,,,,,,USD,3333.0,USD,30000.0,0.0,CXO,Negotiation,4/1/2022,Globe Innovations,2023-03-01,Philippines,Globe Innovations,,Private Platform,Telco,Harriette Go,9,0.0,3333.3333333333335,Recurring,3333.0,3333.0,3333.0,3,Q4
Globe Telco,Globe Mobility,Philippines,Services(R),PO# 00002064,,,,,,,USD,43732.5,USD,525000.0,0.0,CXO,Verbal,8/1/2022,Globe Telco,2023-02-01,Philippines,Globe Telco,,Private Platform,Telco,CXO,2,0.0,262500.0,Recurring,43732.5,43732.5,43732.5,2,Q4
Globe Telco,Globe Mobility,Philippines,One-Time,PO# 00002065,,,,,,,USD,81217.5,USD,975000.0,65.0,CXO,Verbal,8/1/2022,Globe Telco,2023-02-01,Philippines,Globe Telco,,Private Platform,Telco,CXO,2,0.0,487500.0,One-Time,28426.125,81217.5,0.0,2,Q4
Globe Telco,Globe Mobility,Philippines,Services(R),PO# 00002064,,,,,,,USD,43732.5,USD,525000.0,0.0,CXO,Verbal,8/1/2022,Globe Telco,2023-03-01,Philippines,Globe Telco,,Private Platform,Telco,CXO,2,0.0,262500.0,Recurring,43732.5,43732.5,43732.5,3,Q4
Globe Telco,Globe Mobility,Philippines,One-Time,PO# 00002065,,,,,,,USD,81217.5,USD,975000.0,65.0,CXO,Verbal,8/1/2022,Globe Telco,2023-03-01,Philippines,Globe Telco,,Private Platform,Telco,CXO,2,0.0,487500.0,One-Time,28426.125,81217.5,0.0,3,Q4
GOJEK Singapore,Logistics GOJEK Aquamark - Singapore,Other APAC,Platform(R),PO# 00002040,,,,,,,USD,3333.0,USD,10000.0,0.0,Erlyn Gabijan,Negotiation,2/28/2023,GOJEK Singapore,2023-01-01,Other APAC,GOJEK Singapore,Customer,Application Platform,Others,Erlyn Gabijan,3,0.0,3333.3333333333335,Recurring,3333.0,3333.0,3333.0,1,Q4
GOJEK Singapore,Logistics GOJEK Aquamark - Singapore,Other APAC,Platform(R),PO# 00002040,,,,,,,USD,3333.0,USD,10000.0,0.0,Erlyn Gabijan,Negotiation,2/28/2023,GOJEK Singapore,2023-02-01,Other APAC,GOJEK Singapore,Customer,Application Platform,Others,Erlyn Gabijan,3,0.0,3333.3333333333335,Recurring,3333.0,3333.0,3333.0,2,Q4
GOJEK Singapore,Logistics GOJEK Aquamark - Singapore,Other APAC,Platform(R),PO# 00002040,,,,,,,USD,3333.0,USD,10000.0,0.0,Erlyn Gabijan,Negotiation,2/28/2023,GOJEK Singapore,2023-03-01,Other APAC,GOJEK Singapore,Customer,Application Platform,Others,Erlyn Gabijan,3,0.0,3333.3333333333335,Recurring,3333.0,3333.0,3333.0,3,Q4
Grand Paris Sud,Grand Paris Sud - Kits de mesures + MAG-M,Europe,Platform(R),PO# 00001424,2022060937,5/27/2022,AB210039,2 kits de mesure,USD,35657.63,USD,2053.88,USD,35657.63,0.0,Robert FROGER,Closed Won,11/25/2021,Grand Paris Sud,2022-04-01,Europe,Grand Paris Sud,Customer,Public Platform,Smart Cities / Territories,Robert FROGER,7,5093.947142857142,5093.947142857142,Recurring,2053.88,-3040.0671428571422,2053.88,4,Q1
Grand Paris Sud,Grand Paris Sud - Kits de mesures + MAG-M,Europe,Platform(R),PO# 00001425,2022060936,6/27/2022,AN210046,Accès MAG-M 1 an,USD,2487.18,USD,691.44,USD,8290.59,0.0,Robert FROGER,Closed Won,11/25/2021,Grand Paris Sud,2022-04-01,Europe,Grand Paris Sud,Customer,Public Platform,Smart Cities / Territories,Robert FROGER,7,355.31142857142856,1184.3700000000001,Recurring,691.44,336.1285714285715,691.44,4,Q1
Grand Paris Sud,Grand Paris Sud - Kits de mesures + MAG-M,Europe,Platform(R),PO# 00001424,2022060937,5/27/2022,AB210039,2 kits de mesure,USD,35657.63,USD,2053.88,USD,35657.63,0.0,Robert FROGER,Closed Won,11/25/2021,Grand Paris Sud,2022-05-01,Europe,Grand Paris Sud,Customer,Public Platform,Smart Cities / Territories,Robert FROGER,7,5093.947142857142,5093.947142857142,Recurring,2053.88,-3040.0671428571422,2053.88,5,Q1
Grand Paris Sud,Grand Paris Sud - Kits de mesures + MAG-M,Europe,Platform(R),PO# 00001425,2022060936,6/27/2022,AN210046,Accès MAG-M 1 an,USD,2487.18,USD,690.61,USD,8290.59,0.0,Robert FROGER,Closed Won,11/25/2021,Grand Paris Sud,2022-05-01,Europe,Grand Paris Sud,Customer,Public Platform,Smart Cities / Territories,Robert FROGER,7,355.31142857142856,1184.3700000000001,Recurring,690.61,335.29857142857145,690.61,5,Q1
Grand Paris Sud,Grand Paris Sud - Kits de mesures + MAG-M,Europe,Platform(R),PO# 00001424,2022060937,5/27/2022,AB210039,2 kits de mesure,USD,35657.63,USD,2053.88,USD,35657.63,0.0,Robert FROGER,Closed Won,11/25/2021,Grand Paris Sud,2022-06-01,Europe,Grand Paris Sud,Customer,Public Platform,Smart Cities / Territories,Robert FROGER,7,5093.947142857142,5093.947142857142,Recurring,2053.88,-3040.0671428571422,2053.88,6,Q1
Grand Paris Sud,Grand Paris Sud - Kits de mesures + MAG-M,Europe,Platform(R),PO# 00001425,2022060936,6/27/2022,AN210046,Accès MAG-M 1 an,USD,2487.18,USD,690.61,USD,8290.59,0.0,Robert FROGER,Closed Won,11/25/2021,Grand Paris Sud,2022-06-01,Europe,Grand Paris Sud,Customer,Public Platform,Smart Cities / Territories,Robert FROGER,7,355.31142857142856,1184.3700000000001,Recurring,690.61,335.29857142857145,690.61,6,Q1
Grand Paris Sud,Grand Paris Sud - Kits de mesures + MAG-M,Europe,Platform(R),PO# 00001424,2022060937,5/27/2022,AB210039,2 kits de mesure,USD,35657.63,USD,2053.88,USD,35657.63,0.0,Robert FROGER,Closed Won,11/25/2021,Grand Paris Sud,2022-07-01,Europe,Grand Paris Sud,Customer,Public Platform,Smart Cities / Territories,Robert FROGER,7,5093.947142857142,5093.947142857142,Recurring,2053.88,-3040.0671428571422,2053.88,7,Q2
Grand Paris Sud,Grand Paris Sud - Kits de mesures + MAG-M,Europe,Platform(R),PO# 00001425,2022060936,6/27/2022,AN210046,Accès MAG-M 1 an,USD,2487.18,USD,691.44,USD,8290.59,0.0,Robert FROGER,Closed Won,11/25/2021,Grand Paris Sud,2022-07-01,Europe,Grand Paris Sud,Customer,Public Platform,Smart Cities / Territories,Robert FROGER,7,355.31142857142856,1184.3700000000001,Recurring,691.44,336.1285714285715,691.44,7,Q2
Grand Paris Sud,Grand Paris Sud - Kits de mesures + MAG-M,Europe,Platform(R),PO# 00001424,2022060937,5/27/2022,AB210039,2 kits de mesure,USD,35657.63,USD,2053.88,USD,35657.63,0.0,Robert FROGER,Closed Won,11/25/2021,Grand Paris Sud,2022-08-01,Europe,Grand Paris Sud,Customer,Public Platform,Smart Cities / Territories,Robert FROGER,7,5093.947142857142,5093.947142857142,Recurring,2053.88,-3040.0671428571422,2053.88,8,Q2
Grand Paris Sud,Grand Paris Sud - Kits de mesures + MAG-M,Europe,Platform(R),PO# 00001425,2022060936,6/27/2022,AN210046,Accès MAG-M 1 an,USD,2487.18,USD,690.61,USD,8290.59,0.0,Robert FROGER,Closed Won,11/25/2021,Grand Paris Sud,2022-08-01,Europe,Grand Paris Sud,Customer,Public Platform,Smart Cities / Territories,Robert FROGER,7,355.31142857142856,1184.3700000000001,Recurring,690.61,335.29857142857145,690.61,8,Q2
Grand Paris Sud,Grand Paris Sud - Kits de mesures + MAG-M,Europe,Platform(R),PO# 00001424,2022060937,5/27/2022,AB210039,2 kits de mesure,USD,35657.63,USD,2053.88,USD,35657.63,0.0,Robert FROGER,Closed Won,11/25/2021,Grand Paris Sud,2022-09-01,Europe,Grand Paris Sud,Customer,Public Platform,Smart Cities / Territories,Robert FROGER,7,5093.947142857142,5093.947142857142,Recurring,2053.88,-3040.0671428571422,2053.88,9,Q2
Grand Paris Sud,Grand Paris Sud - Kits de mesures + MAG-M,Europe,Platform(R),PO# 00001425,2022060936,6/27/2022,AN210046,Accès MAG-M 1 an,USD,2487.18,USD,690.61,USD,8290.59,0.0,Robert FROGER,Closed Won,11/25/2021,Grand Paris Sud,2022-09-01,Europe,Grand Paris Sud,Customer,Public Platform,Smart Cities / Territories,Robert FROGER,7,355.31142857142856,1184.3700000000001,Recurring,690.61,335.29857142857145,690.61,9,Q2
Grand Paris Sud,Grand Paris Sud - Kits de mesures + MAG-M,Europe,Platform(R),PO# 00001424,2022060937,5/27/2022,AB210039,2 kits de mesure,USD,35657.63,USD,2053.88,USD,35657.63,0.0,Robert FROGER,Closed Won,11/25/2021,Grand Paris Sud,2022-10-01,Europe,Grand Paris Sud,Customer,Public Platform,Smart Cities / Territories,Robert FROGER,7,5093.947142857142,5093.947142857142,Recurring,2053.88,-3040.0671428571422,2053.88,10,Q3
Grand Paris Sud,Grand Paris Sud - Kits de mesures + MAG-M,Europe,Platform(R),PO# 00001425,2022060936,6/27/2022,AN210046,Accès MAG-M 1 an,USD,2487.18,USD,691.44,USD,8290.59,0.0,Robert FROGER,Closed Won,11/25/2021,Grand Paris Sud,2022-10-01,Europe,Grand Paris Sud,Customer,Public Platform,Smart Cities / Territories,Robert FROGER,7,355.31142857142856,1184.3700000000001,Recurring,691.44,336.1285714285715,691.44,10,Q3
Grenoble-Alpes Métropole,Audit QoE Stade des Alpes,Europe,Services(R),PO# 00001791,2022090985,9/12/2022,,Audit de QoE du Stade des Alpes de Grenoble,USD,2210.82,USD,2210.82,USD,2210.82,0.0,Robert FROGER,Closed Won,5/9/2022,Grenoble-Alpes Métropole,2022-05-01,Europe,Grenoble-Alpes Métropole,Customer,Public Platform,Smart Cities / Territories,Robert FROGER,1,2210.82,2210.82,Recurring,2210.82,0.0,2210.82,5,Q1
Huawei - France,DT Optim SFR Crozon_Mars 2022,Europe,Services(R),PO# 00001742,2022040882,4/26/2022,3631315925-67,DT Optim SFR Crozon_Mars 2022,USD,9396.0,USD,2349.0,USD,9396.0,0.0,Sylvain Grateau,Closed Won,3/14/2022,Huawei - France,2022-04-01,Europe,Huawei - France,Customer,Public Platform,Telco,Robert FROGER,1,9396.0,9396.0,Recurring,2349.0,-7047.0,2349.0,4,Q1
Huawei - France,DT_Mars-Avril 2022,Europe,Services(R),PO# 00001743,2022030858,3/22/2022,3631315925-65,DT_Mars-Avril 2022,USD,14094.0,USD,2818.8,USD,14094.0,0.0,Sylvain Grateau,Closed Won,3/11/2022,Huawei - France,2022-04-01,Europe,Huawei - France,Customer,Public Platform,Telco,Robert FROGER,1,14094.0,14094.0,Recurring,2818.8,-11275.2,2818.8,4,Q1
Huawei - France,DT Optim SFR ZTD_Mai 2022,Europe,Services(R),PO# 00001786,2022060909,6/3/2022,3631315925-68,DT Optim SFR ZTD_Mai 2022,USD,9396.0,USD,9396.0,USD,9396.0,0.0,Sylvain Grateau,Closed Won,4/25/2022,Huawei - France,2022-05-01,Europe,Huawei - France,Customer,Public Platform,Telco,Robert FROGER,1,9396.0,9396.0,Recurring,9396.0,0.0,9396.0,5,Q1
Huawei - France,DT_Mai-Juin 2022,Europe,Services(R),PO# 00001803,2022060939,6/30/2022,3631315925-69,DT_Mai-Juin 2022,USD,14094.0,USD,7047.0,USD,14094.0,0.0,Sylvain Grateau,Closed Won,5/1/2022,Huawei - France,2022-05-01,Europe,Huawei - France,Customer,Public Platform,Telco,Robert FROGER,2,7047.0,7047.0,Recurring,7047.0,0.0,7047.0,5,Q1
Huawei - France,DT Crozon 5G Pau_S21-2022,Europe,Services(R),PO# 00001830,2022060942,6/30/2022,3631315925-72,DT Crozon 5G Pau_S21-2022,USD,4698.0,USD,4698.0,USD,4698.0,0.0,Sylvain Grateau,Closed Won,5/20/2022,Huawei - France,2022-05-01,Europe,Huawei - France,Customer,Public Platform,Telco,Robert FROGER,1,4698.0,4698.0,Recurring,4698.0,0.0,4698.0,5,Q1
Huawei - France,DT_Mai-Juin 2022,Europe,Services(R),PO# 00001803,2022060939,6/30/2022,3631315925-69,DT_Mai-Juin 2022,USD,14094.0,USD,7047.0,USD,14094.0,0.0,Sylvain Grateau,Closed Won,5/1/2022,Huawei - France,2022-06-01,Europe,Huawei - France,Customer,Public Platform,Telco,Robert FROGER,2,7047.0,7047.0,Recurring,7047.0,0.0,7047.0,6,Q1
Huawei - France,DT Juin 2022,Europe,Services(R),PO# 00001818,2022060940,6/30/2022,3631315925-70,DT Juin 2022,USD,10523.52,USD,10523.52,USD,10523.52,0.0,Sylvain Grateau,Closed Won,6/10/2022,Huawei - France,2022-06-01,Europe,Huawei - France,Customer,Public Platform,Telco,Robert FROGER,1,10523.52,10523.52,Recurring,10523.52,0.0,10523.52,6,Q1
Huawei - France,DT CRZ-ZTD NR-CA 2022,Europe,Services(R),PO# 00001825,2022060941,6/30/2022,3631315925-71,DT CRZ-ZTD NR-CA 2022,USD,15033.6,USD,7516.8,USD,15033.6,0.0,Sylvain Grateau,Closed Won,6/16/2022,Huawei - France,2022-07-01,Europe,Huawei - France,Customer,Public Platform,Telco,Robert FROGER,1,15033.6,15033.6,Recurring,7516.8,-7516.8,7516.8,7,Q2
Huawei - France,Mesures Gare du Nord - Free,Europe,Services(R),PO# 00001780,2022080970,8/26/2022,3631315925-73,Mesures Gare du Nord - Free,USD,2437.43,USD,2437.43,USD,2437.43,0.0,Sylvain Grateau,Closed Won,9/12/2022,Huawei - France,2022-08-01,Europe,Huawei - France,Customer,Public Platform,Telco,Robert FROGER,1,2437.43,2437.43,Recurring,2437.43,0.0,2437.43,8,Q2
Huawei - France,DT Nantes - Octobre 2022,Europe,Services(R),PO# 00001863,20221101031,11/10/2022,3631315925-74,DT Nantes - Octobre 2022,USD,6577.2,USD,6577.2,USD,6577.2,0.0,Sylvain Grateau,Closed Won,9/14/2022,Huawei - France,2022-10-01,Europe,Huawei - France,Customer,Public Platform,Telco,Robert FROGER,1,6577.2,6577.2,Recurring,6577.2,0.0,6577.2,10,Q3
Huawei - France,DT Validation L1400 SFR,Europe,Services(R),PO# 00001897,20230101079,1/12/2023,3631315925-75,DT Validation L1400 SFR,USD,3758.4,USD,3758.4,USD,3758.4,0.0,Sylvain Grateau,Closed Won,11/7/2022,Huawei - France,2022-11-01,Europe,Huawei - France,Customer,Public Platform,Telco,Robert FROGER,1,3758.4,3758.4,Recurring,3758.4,0.0,3758.4,11,Q3
Huawei - France,HUAWEI France Order for 2023,Europe,Services(R),PO# 00001610,,,,HUAWEI T1 2023,,,USD,21563.83,USD,63423.02,0.0,Ali Boudaoud,Negotiation,3/31/2023,Huawei - France,2023-01-01,Europe,Huawei - France,Customer,Public Platform,Telco,Robert FROGER,3,0.0,21141.006666666664,Recurring,21563.83,21563.83,21563.83,1,Q4
Huawei - France,HUAWEI France Order for 2023,Europe,Services(R),PO# 00001610,,,,HUAWEI T1 2023,,,USD,20929.6,USD,63423.02,0.0,Ali Boudaoud,Negotiation,3/31/2023,Huawei - France,2023-02-01,Europe,Huawei - France,Customer,Public Platform,Telco,Robert FROGER,3,0.0,21141.006666666664,Recurring,20929.6,20929.6,20929.6,2,Q4
Huawei - France,Van-Chauffeur_Février2023,Europe,Services(R),PO# 00002085,,,,Van-Chauffeur_Février2023,,,USD,10805.4,USD,10805.4,0.0,Sylvain Grateau,Closed Won,1/16/2023,Huawei - France,2023-02-01,Europe,Huawei - France,Customer,Public Platform,Telco,Robert FROGER,1,0.0,10805.4,Recurring,10805.4,10805.4,10805.4,2,Q4
Huawei - France,DT Rocade L2 Marseille,Europe,Services(R),PO# 00001958,,,IBUY404108,DT Rocade L2 Marseille,,,USD,3758.4,USD,3758.4,0.0,Sylvain Grateau,Closed Won,1/1/2023,Huawei - France,2023-02-01,Europe,Huawei - France,Customer,Public Platform,Telco,Robert FROGER,1,0.0,3758.4,Recurring,3758.4,3758.4,3758.4,2,Q4
Huawei - France,HUAWEI France Order for 2023,Europe,Services(R),PO# 00001610,,,,HUAWEI T1 2023,,,USD,20929.6,USD,63423.02,0.0,Ali Boudaoud,Negotiation,3/31/2023,Huawei - France,2023-03-01,Europe,Huawei - France,Customer,Public Platform,Telco,Robert FROGER,3,0.0,21141.006666666664,Recurring,20929.6,20929.6,20929.6,3,Q4
Huawei Philippines,Huawei - Globe,Philippines,One-Time,PO# 00002067,,,,,,,USD,9285.72,USD,1629072.95,65.0,CXO,Closed Won,6/1/2022,Huawei Philippines,2022-07-01,Philippines,Huawei Philippines,,Private Platform,Others,CXO,9,0.0,181008.10555555555,One-Time,3250.0019999999995,9285.72,0.0,7,Q2
Huawei Philippines,Huawei - Smart,Philippines,Platform(R),PO# 00002068,,,,,,,USD,8000.0,USD,800000.0,0.0,CXO,Closed Won,6/1/2022,Huawei Philippines,2022-07-01,Philippines,Huawei Philippines,,Private Platform,Others,CXO,9,0.0,88888.88888888889,Recurring,8000.0,8000.0,8000.0,7,Q2
Huawei Philippines,Huawei - Smart,Philippines,One-Time,PO# 00002069,,,,,,,USD,15000.0,USD,1500000.0,65.0,CXO,Closed Won,6/1/2022,Huawei Philippines,2022-07-01,Philippines,Huawei Philippines,,Private Platform,Others,CXO,9,0.0,166666.66666666666,One-Time,5250.0,15000.0,0.0,7,Q2
Huawei Philippines,Huawei - Globe,Philippines,Services(R),PO# 00002066,,,,,,,USD,3110.06,USD,723270.05,0.0,CXO,Closed Won,6/1/2022,Huawei Philippines,2022-07-01,Philippines,Huawei Philippines,,Private Platform,Others,CXO,9,0.0,80363.33888888889,Recurring,3110.06,3110.06,3110.06,7,Q2
Huawei Philippines,Huawei - Globe,Philippines,One-Time,PO# 00002067,,,,,,,USD,9285.72,USD,1629072.95,65.0,CXO,Closed Won,6/1/2022,Huawei Philippines,2022-08-01,Philippines,Huawei Philippines,,Private Platform,Others,CXO,9,0.0,181008.10555555555,One-Time,3250.0019999999995,9285.72,0.0,8,Q2
Huawei Philippines,Huawei - Smart,Philippines,Platform(R),PO# 00002068,,,,,,,USD,8000.0,USD,800000.0,0.0,CXO,Closed Won,6/1/2022,Huawei Philippines,2022-08-01,Philippines,Huawei Philippines,,Private Platform,Others,CXO,9,0.0,88888.88888888889,Recurring,8000.0,8000.0,8000.0,8,Q2
Huawei Philippines,Huawei - Smart,Philippines,One-Time,PO# 00002069,,,,,,,USD,15000.0,USD,1500000.0,65.0,CXO,Closed Won,6/1/2022,Huawei Philippines,2022-08-01,Philippines,Huawei Philippines,,Private Platform,Others,CXO,9,0.0,166666.66666666666,One-Time,5250.0,15000.0,0.0,8,Q2
Huawei Philippines,Huawei - Globe,Philippines,Services(R),PO# 00002066,,,,,,,USD,3110.06,USD,723270.05,0.0,CXO,Closed Won,6/1/2022,Huawei Philippines,2022-08-01,Philippines,Huawei Philippines,,Private Platform,Others,CXO,9,0.0,80363.33888888889,Recurring,3110.06,3110.06,3110.06,8,Q2
Huawei Philippines,Huawei - Globe,Philippines,One-Time,PO# 00002067,,,,,,,USD,9285.72,USD,1629072.95,65.0,CXO,Closed Won,6/1/2022,Huawei Philippines,2022-09-01,Philippines,Huawei Philippines,,Private Platform,Others,CXO,9,0.0,181008.10555555555,One-Time,3250.0019999999995,9285.72,0.0,9,Q2
Huawei Philippines,Huawei - Smart,Philippines,Platform(R),PO# 00002068,,,,,,,USD,8000.0,USD,800000.0,0.0,CXO,Closed Won,6/1/2022,Huawei Philippines,2022-09-01,Philippines,Huawei Philippines,,Private Platform,Others,CXO,9,0.0,88888.88888888889,Recurring,8000.0,8000.0,8000.0,9,Q2
Huawei Philippines,Huawei - Smart,Philippines,One-Time,PO# 00002069,,,,,,,USD,15000.0,USD,1500000.0,65.0,CXO,Closed Won,6/1/2022,Huawei Philippines,2022-09-01,Philippines,Huawei Philippines,,Private Platform,Others,CXO,9,0.0,166666.66666666666,One-Time,5250.0,15000.0,0.0,9,Q2
Huawei Philippines,Huawei - Globe,Philippines,Services(R),PO# 00002066,,,,,,,USD,3110.06,USD,723270.05,0.0,CXO,Closed Won,6/1/2022,Huawei Philippines,2022-09-01,Philippines,Huawei Philippines,,Private Platform,Others,CXO,9,0.0,80363.33888888889,Recurring,3110.06,3110.06,3110.06,9,Q2
Huawei Philippines,Huawei - Globe,Philippines,One-Time,PO# 00002067,,,,,,,USD,73634.1,USD,1629072.95,65.0,CXO,Closed Won,6/1/2022,Huawei Philippines,2022-10-01,Philippines,Huawei Philippines,,Private Platform,Others,CXO,9,0.0,181008.10555555555,One-Time,25771.935,73634.1,0.0,10,Q3
Huawei Philippines,Huawei - Smart,Philippines,Platform(R),PO# 00002068,,,,,,,USD,40000.0,USD,800000.0,0.0,CXO,Closed Won,6/1/2022,Huawei Philippines,2022-10-01,Philippines,Huawei Philippines,,Private Platform,Others,CXO,9,0.0,88888.88888888889,Recurring,40000.0,40000.0,40000.0,10,Q3
Huawei Philippines,Huawei - Smart,Philippines,One-Time,PO# 00002069,,,,,,,USD,60000.0,USD,1500000.0,65.0,CXO,Closed Won,6/1/2022,Huawei Philippines,2022-10-01,Philippines,Huawei Philippines,,Private Platform,Others,CXO,9,0.0,166666.66666666666,One-Time,21000.0,60000.0,0.0,10,Q3
Huawei Philippines,Huawei - Globe,Philippines,Services(R),PO# 00002066,,,,,,,USD,26182.38,USD,723270.05,0.0,CXO,Closed Won,6/1/2022,Huawei Philippines,2022-10-01,Philippines,Huawei Philippines,,Private Platform,Others,CXO,9,0.0,80363.33888888889,Recurring,26182.38,26182.38,26182.38,10,Q3
Huawei Philippines,Huawei - Globe,Philippines,One-Time,PO# 00002067,,,,,,,USD,73634.1,USD,1629072.95,65.0,CXO,Closed Won,6/1/2022,Huawei Philippines,2022-11-01,Philippines,Huawei Philippines,,Private Platform,Others,CXO,9,0.0,181008.10555555555,One-Time,25771.935,73634.1,0.0,11,Q3
Huawei Philippines,Huawei - Smart,Philippines,Platform(R),PO# 00002068,,,,,,,USD,40000.0,USD,800000.0,0.0,CXO,Closed Won,6/1/2022,Huawei Philippines,2022-11-01,Philippines,Huawei Philippines,,Private Platform,Others,CXO,9,0.0,88888.88888888889,Recurring,40000.0,40000.0,40000.0,11,Q3
Huawei Philippines,Huawei - Smart,Philippines,One-Time,PO# 00002069,,,,,,,USD,60000.0,USD,1500000.0,65.0,CXO,Closed Won,6/1/2022,Huawei Philippines,2022-11-01,Philippines,Huawei Philippines,,Private Platform,Others,CXO,9,0.0,166666.66666666666,One-Time,21000.0,60000.0,0.0,11,Q3
Huawei Philippines,Huawei - Globe,Philippines,Services(R),PO# 00002066,,,,,,,USD,26182.38,USD,723270.05,0.0,CXO,Closed Won,6/1/2022,Huawei Philippines,2022-11-01,Philippines,Huawei Philippines,,Private Platform,Others,CXO,9,0.0,80363.33888888889,Recurring,26182.38,26182.38,26182.38,11,Q3
Huawei Philippines,Huawei - Globe,Philippines,One-Time,PO# 00002067,,,,,,,USD,73634.1,USD,1629072.95,65.0,CXO,Closed Won,6/1/2022,Huawei Philippines,2022-12-01,Philippines,Huawei Philippines,,Private Platform,Others,CXO,9,0.0,181008.10555555555,One-Time,25771.935,73634.1,0.0,12,Q3
Huawei Philippines,Huawei - Smart,Philippines,Platform(R),PO# 00002068,,,,,,,USD,40000.0,USD,800000.0,0.0,CXO,Closed Won,6/1/2022,Huawei Philippines,2022-12-01,Philippines,Huawei Philippines,,Private Platform,Others,CXO,9,0.0,88888.88888888889,Recurring,40000.0,40000.0,40000.0,12,Q3
Huawei Philippines,Huawei - Smart,Philippines,One-Time,PO# 00002069,,,,,,,USD,60000.0,USD,1500000.0,65.0,CXO,Closed Won,6/1/2022,Huawei Philippines,2022-12-01,Philippines,Huawei Philippines,,Private Platform,Others,CXO,9,0.0,166666.66666666666,One-Time,21000.0,60000.0,0.0,12,Q3
Huawei Philippines,Huawei - Globe,Philippines,Services(R),PO# 00002066,,,,,,,USD,26182.38,USD,723270.05,0.0,CXO,Closed Won,6/1/2022,Huawei Philippines,2022-12-01,Philippines,Huawei Philippines,,Private Platform,Others,CXO,9,0.0,80363.33888888889,Recurring,26182.38,26182.38,26182.38,12,Q3
Huawei Philippines,Huawei - Globe,Philippines,One-Time,PO# 00002067,,,,,,,USD,250062.7,USD,1629072.95,65.0,CXO,Closed Won,6/1/2022,Huawei Philippines,2023-01-01,Philippines,Huawei Philippines,,Private Platform,Others,CXO,9,0.0,181008.10555555555,One-Time,87521.94499999999,250062.7,0.0,1,Q4
Huawei Philippines,Huawei - Smart,Philippines,Platform(R),PO# 00002068,,,,,,,USD,112000.0,USD,800000.0,0.0,CXO,Closed Won,6/1/2022,Huawei Philippines,2023-01-01,Philippines,Huawei Philippines,,Private Platform,Others,CXO,9,0.0,88888.88888888889,Recurring,112000.0,112000.0,112000.0,1,Q4
Huawei Philippines,Huawei - Smart,Philippines,One-Time,PO# 00002069,,,,,,,USD,210000.0,USD,1500000.0,65.0,CXO,Closed Won,6/1/2022,Huawei Philippines,2023-01-01,Philippines,Huawei Philippines,,Private Platform,Others,CXO,9,0.0,166666.66666666666,One-Time,73500.0,210000.0,0.0,1,Q4
Huawei Philippines,Huawei - Globe,Philippines,Services(R),PO# 00002066,,,,,,,USD,83393.04,USD,723270.05,0.0,CXO,Closed Won,6/1/2022,Huawei Philippines,2023-01-01,Philippines,Huawei Philippines,,Private Platform,Others,CXO,9,0.0,80363.33888888889,Recurring,83393.04,83393.04,83393.04,1,Q4
Huawei Philippines,Huawei - Globe,Philippines,One-Time,PO# 00002067,,,,,,,USD,250062.7,USD,1629072.95,65.0,CXO,Closed Won,6/1/2022,Huawei Philippines,2023-02-01,Philippines,Huawei Philippines,,Private Platform,Others,CXO,9,0.0,181008.10555555555,One-Time,87521.94499999999,250062.7,0.0,2,Q4
Huawei Philippines,Huawei - Smart,Philippines,Platform(R),PO# 00002068,,,,,,,USD,112000.0,USD,800000.0,0.0,CXO,Closed Won,6/1/2022,Huawei Philippines,2023-02-01,Philippines,Huawei Philippines,,Private Platform,Others,CXO,9,0.0,88888.88888888889,Recurring,112000.0,112000.0,112000.0,2,Q4
Huawei Philippines,Huawei - Smart,Philippines,One-Time,PO# 00002069,,,,,,,USD,210000.0,USD,1500000.0,65.0,CXO,Closed Won,6/1/2022,Huawei Philippines,2023-02-01,Philippines,Huawei Philippines,,Private Platform,Others,CXO,9,0.0,166666.66666666666,One-Time,73500.0,210000.0,0.0,2,Q4
Huawei Philippines,Huawei - Globe,Philippines,Services(R),PO# 00002066,,,,,,,USD,83393.04,USD,723270.05,0.0,CXO,Closed Won,6/1/2022,Huawei Philippines,2023-02-01,Philippines,Huawei Philippines,,Private Platform,Others,CXO,9,0.0,80363.33888888889,Recurring,83393.04,83393.04,83393.04,2,Q4
Huawei Philippines,Huawei - Globe,Philippines,One-Time,PO# 00002067,,,,,,,USD,250062.7,USD,1629072.95,65.0,CXO,Closed Won,6/1/2022,Huawei Philippines,2023-03-01,Philippines,Huawei Philippines,,Private Platform,Others,CXO,9,0.0,181008.10555555555,One-Time,87521.94499999999,250062.7,0.0,3,Q4
Huawei Philippines,Huawei - Smart,Philippines,Platform(R),PO# 00002068,,,,,,,USD,112000.0,USD,800000.0,0.0,CXO,Closed Won,6/1/2022,Huawei Philippines,2023-03-01,Philippines,Huawei Philippines,,Private Platform,Others,CXO,9,0.0,88888.88888888889,Recurring,112000.0,112000.0,112000.0,3,Q4
Huawei Philippines,Huawei - Smart,Philippines,One-Time,PO# 00002069,,,,,,,USD,210000.0,USD,1500000.0,65.0,CXO,Closed Won,6/1/2022,Huawei Philippines,2023-03-01,Philippines,Huawei Philippines,,Private Platform,Others,CXO,9,0.0,166666.66666666666,One-Time,73500.0,210000.0,0.0,3,Q4
Huawei Philippines,Huawei - Globe,Philippines,Services(R),PO# 00002066,,,,,,,USD,83393.04,USD,723270.05,0.0,CXO,Closed Won,6/1/2022,Huawei Philippines,2023-03-01,Philippines,Huawei Philippines,,Private Platform,Others,CXO,9,0.0,80363.33888888889,Recurring,83393.04,83393.04,83393.04,3,Q4
IBM,MBS IBM - Building Information Management System,Other APAC,One-Time,PO# 00002034,,,,,,,USD,2000000.0,USD,2000000.0,94.0,CXO,Negotiation,2/20/2023,IBM,2023-03-01,Other APAC,IBM,,Private Platform,Asset Owner,CXO,1,0.0,2000000.0,One-Time,120000.0,2000000.0,0.0,3,Q4
IBM,MBS IBM - Building Information Management System,Other APAC,Services(R),PO# 00002038,,,,,,,USD,9996.0,USD,120000.0,0.0,CXO,Negotiation,2/20/2023,IBM,2023-03-01,Other APAC,IBM,,Private Platform,Asset Owner,CXO,1,0.0,120000.0,Recurring,9996.0,9996.0,9996.0,3,Q4
ICICI bank,ICICI Mobile Device Farm 22-23,India,Platform(R),PO# 00001686,,10/31/2022,,,USD,109878.46,USD,19363.34,USD,232360.1,0.0,Perdiep Jankie,Closed Won,12/30/2021,ICICI bank,2022-04-01,India,ICICI bank,,Application Platform,BFSI,Perdiep Jankie,10,10987.846000000001,23236.010000000002,Recurring,19363.34,8375.493999999999,19363.34,4,Q1
ICICI bank,ICICI Mobile Device Farm 22-23,India,Platform(R),PO# 00001686,,10/31/2022,,,USD,109878.46,USD,19363.34,USD,232360.1,0.0,Perdiep Jankie,Closed Won,12/30/2021,ICICI bank,2022-05-01,India,ICICI bank,,Application Platform,BFSI,Perdiep Jankie,10,10987.846000000001,23236.010000000002,Recurring,19363.34,8375.493999999999,19363.34,5,Q1
ICICI bank,ICICI Mobile Device Farm 22-23,India,Platform(R),PO# 00001686,,10/31/2022,,,USD,109878.46,USD,19363.34,USD,232360.1,0.0,Perdiep Jankie,Closed Won,12/30/2021,ICICI bank,2022-06-01,India,ICICI bank,,Application Platform,BFSI,Perdiep Jankie,10,10987.846000000001,23236.010000000002,Recurring,19363.34,8375.493999999999,19363.34,6,Q1
ICICI bank,ICICI Mobile Device Farm 22-23,India,Platform(R),PO# 00001686,,10/31/2022,,,USD,109878.46,USD,19363.34,USD,232360.1,0.0,Perdiep Jankie,Closed Won,12/30/2021,ICICI bank,2022-07-01,India,ICICI bank,,Application Platform,BFSI,Perdiep Jankie,10,10987.846000000001,23236.010000000002,Recurring,19363.34,8375.493999999999,19363.34,7,Q2
ICICI bank,ICICI Mobile Device Farm 22-23,India,Platform(R),PO# 00001686,,10/31/2022,,,USD,109878.46,USD,4955.46,USD,232360.1,0.0,Perdiep Jankie,Closed Won,12/30/2021,ICICI bank,2022-10-01,India,ICICI bank,,Application Platform,BFSI,Perdiep Jankie,10,10987.846000000001,23236.010000000002,Recurring,4955.46,-6032.386000000001,4955.46,10,Q3
ICICI bank,ICICI Mobile Device Farm 22-23,India,Platform(R),PO# 00001686,,10/31/2022,,,USD,109878.46,USD,18433.55,USD,232360.1,0.0,Perdiep Jankie,Closed Won,12/30/2021,ICICI bank,2022-11-01,India,ICICI bank,,Application Platform,BFSI,Perdiep Jankie,10,10987.846000000001,23236.010000000002,Recurring,18433.55,7445.703999999998,18433.55,11,Q3
ICICI bank,ICICI Mobile Device Farm 22-23,India,Platform(R),PO# 00001686,,10/31/2022,,,USD,109878.46,USD,18433.55,USD,232360.1,0.0,Perdiep Jankie,Closed Won,12/30/2021,ICICI bank,2022-12-01,India,ICICI bank,,Application Platform,BFSI,Perdiep Jankie,10,10987.846000000001,23236.010000000002,Recurring,18433.55,7445.703999999998,18433.55,12,Q3
ICICI bank,ICICI Mobile Device Farm 22-23,India,Platform(R),PO# 00001686,,10/31/2022,,,USD,109878.46,USD,18433.55,USD,232360.1,0.0,Perdiep Jankie,Closed Won,12/30/2021,ICICI bank,2023-01-01,India,ICICI bank,,Application Platform,BFSI,Perdiep Jankie,10,10987.846000000001,23236.010000000002,Recurring,18433.55,7445.703999999998,18433.55,1,Q4
ICICI bank,ICICI Mobile Device Farm 22-23,India,Platform(R),PO# 00001686,,10/31/2022,,,USD,109878.46,USD,18433.55,USD,232360.1,0.0,Perdiep Jankie,Closed Won,12/30/2021,ICICI bank,2023-02-01,India,ICICI bank,,Application Platform,BFSI,Perdiep Jankie,10,10987.846000000001,23236.010000000002,Recurring,18433.55,7445.703999999998,18433.55,2,Q4
ICICI bank,ICICI Mobile Device Farm - Additional Devices + Dashboard,India,Platform(R),PO# 00002030,,,,,,,USD,8201.85,USD,98461.54,0.0,Perdiep Jankie,Negotiation,1/31/2023,ICICI bank,2023-02-01,India,ICICI bank,,Application Platform,BFSI,Perdiep Jankie,2,0.0,49230.77,Recurring,8201.85,8201.85,8201.85,2,Q4
ICICI bank,ICICI Mobile Device Farm 22-23,India,Platform(R),PO# 00001686,,10/31/2022,,,USD,109878.46,USD,18433.55,USD,232360.1,0.0,Perdiep Jankie,Closed Won,12/30/2021,ICICI bank,2023-03-01,India,ICICI bank,,Application Platform,BFSI,Perdiep Jankie,10,10987.846000000001,23236.010000000002,Recurring,18433.55,7445.703999999998,18433.55,3,Q4
ICICI bank,ICICI Mobile Device Farm - Additional Devices + Dashboard,India,Platform(R),PO# 00002030,,,,,,,USD,8201.85,USD,98461.54,0.0,Perdiep Jankie,Negotiation,1/31/2023,ICICI bank,2023-03-01,India,ICICI bank,,Application Platform,BFSI,Perdiep Jankie,2,0.0,49230.77,Recurring,8201.85,8201.85,8201.85,3,Q4
ICICI Securities,App Interact - Dashboard,India,Platform(R),PO# 00002024,,,,,,,USD,4087.38,USD,30655.38,0.0,Perdiep Jankie,Negotiation,1/15/2023,ICICI Securities,2023-02-01,India,ICICI Securities,,Application Platform,BFSI,CXO,2,0.0,15327.69,Recurring,4087.38,4087.38,4087.38,2,Q4
ICICI Securities,App Interact - Dashboard,India,Platform(R),PO# 00002024,,,,,,,USD,4087.38,USD,30655.38,0.0,Perdiep Jankie,Negotiation,1/15/2023,ICICI Securities,2023-03-01,India,ICICI Securities,,Application Platform,BFSI,CXO,2,0.0,15327.69,Recurring,4087.38,4087.38,4087.38,3,Q4
ILS,ILS - réseaux ferrés Corse,Europe,,PO# 00001807,2022090987,9/19/2022,220524 V1.0,,USD,3669.97,USD,3669.97,USD,3669.97,0.0,David Yuksel,Closed Won,4/14/2022,ILS,2022-06-01,Europe,ILS,Customer,Public Platform,,David Yuksel,1,3669.97,3669.97,Recurring,3669.97,0.0,3669.97,6,Q1
ILS,ILS - réseaux ferrés Corse,Europe,Services(R),PO# 00001834,2022090988,9/19/2022,#220524 V1.0,,USD,2007.94,USD,2007.94,USD,2007.94,0.0,David Yuksel,Closed Won,4/14/2022,ILS,2022-06-01,Europe,ILS,Customer,Public Platform,,David Yuksel,1,2007.94,2007.94,Recurring,2007.94,0.0,2007.94,6,Q1
INC-60millions,INC-60millions - DebitTest60 maintien pour 2022,Europe,Platform(R),PO# 00001798,2022050894,5/16/2022,,Maintien de l'app Debitest60 pour 2022,USD,5521.53,USD,5521.53,USD,5521.53,0.0,Robert FROGER,Closed Won,5/16/2022,INC-60millions,2022-05-01,Europe,INC-60millions,Customer,Public Platform,Consumer Forum,Sales-EMEA,1,5521.53,5521.53,Recurring,5521.53,0.0,5521.53,5,Q1
Infomil,Infomil - AquaMARK Survey Tarbes,Europe,Platform(R),PO# 00001873,,,,Audit connectivité centre commercial de Tarbes,,,USD,5078.22,USD,15236.19,0.0,Robert FROGER,Closed Won,9/14/2022,Infomil,2022-10-01,Europe,Infomil,Prospect,Public Platform,Retail,Robert FROGER,3,0.0,5078.7300000000005,Recurring,5078.22,5078.22,5078.22,10,Q3
Infomil,Infomil - AquaMARK Survey Tarbes,Europe,Platform(R),PO# 00001873,,,,Audit connectivité centre commercial de Tarbes,,,USD,5078.22,USD,15236.19,0.0,Robert FROGER,Closed Won,9/14/2022,Infomil,2022-11-01,Europe,Infomil,Prospect,Public Platform,Retail,Robert FROGER,3,0.0,5078.7300000000005,Recurring,5078.22,5078.22,5078.22,11,Q3
Infomil,Infomil - AquaMARK Survey Tarbes,Europe,Platform(R),PO# 00001873,,,,Audit connectivité centre commercial de Tarbes,,,USD,5079.74,USD,15236.19,0.0,Robert FROGER,Closed Won,9/14/2022,Infomil,2022-12-01,Europe,Infomil,Prospect,Public Platform,Retail,Robert FROGER,3,0.0,5078.7300000000005,Recurring,5079.74,5079.74,5079.74,12,Q3
INFOVISTA SOUTH AFRICA,BTC - SDK / Crowdsourcing Solution,MEA,Platform(R),PO# 00001657,,,,White Label App for BTC for 3 years,,,USD,2919.0,USD,105000.0,0.0,Robert FROGER,Closed Won,5/31/2022,INFOVISTA SOUTH AFRICA,2022-04-01,MEA,INFOVISTA SOUTH AFRICA,Partner,Public Platform,Others,Fabien Renaudineau,12,0.0,8750.0,Recurring,2919.0,2919.0,2919.0,4,Q1
INFOVISTA SOUTH AFRICA,BTC - SDK / Crowdsourcing Solution,MEA,Platform(R),PO# 00001658,,,,MAG-M for BTC for 3 years,,,USD,2001.6,USD,72000.0,0.0,Robert FROGER,Closed Won,5/31/2022,INFOVISTA SOUTH AFRICA,2022-04-01,MEA,INFOVISTA SOUTH AFRICA,Partner,Public Platform,Others,Fabien Renaudineau,12,0.0,6000.0,Recurring,2001.6,2001.6,2001.6,4,Q1
INFOVISTA SOUTH AFRICA,BTC - SDK / Crowdsourcing Solution,MEA,,PO# 00001660,,,,Customization & Installation,,,USD,10000.0,USD,20000.0,0.0,Robert FROGER,Closed Won,5/31/2022,INFOVISTA SOUTH AFRICA,2022-04-01,MEA,INFOVISTA SOUTH AFRICA,Partner,Public Platform,Others,Fabien Renaudineau,1,0.0,20000.0,Recurring,10000.0,10000.0,10000.0,4,Q1
INFOVISTA SOUTH AFRICA,BTC - SDK / Crowdsourcing Solution,MEA,Platform(R),PO# 00001657,,,,White Label App for BTC for 3 years,,,USD,2919.0,USD,105000.0,0.0,Robert FROGER,Closed Won,5/31/2022,INFOVISTA SOUTH AFRICA,2022-05-01,MEA,INFOVISTA SOUTH AFRICA,Partner,Public Platform,Others,Fabien Renaudineau,12,0.0,8750.0,Recurring,2919.0,2919.0,2919.0,5,Q1
INFOVISTA SOUTH AFRICA,BTC - SDK / Crowdsourcing Solution,MEA,Platform(R),PO# 00001658,,,,MAG-M for BTC for 3 years,,,USD,2001.6,USD,72000.0,0.0,Robert FROGER,Closed Won,5/31/2022,INFOVISTA SOUTH AFRICA,2022-05-01,MEA,INFOVISTA SOUTH AFRICA,Partner,Public Platform,Others,Fabien Renaudineau,12,0.0,6000.0,Recurring,2001.6,2001.6,2001.6,5,Q1
INFOVISTA SOUTH AFRICA,BTC - SDK / Crowdsourcing Solution,MEA,Platform(R),PO# 00001657,,,,White Label App for BTC for 3 years,,,USD,2919.0,USD,105000.0,0.0,Robert FROGER,Closed Won,5/31/2022,INFOVISTA SOUTH AFRICA,2022-06-01,MEA,INFOVISTA SOUTH AFRICA,Partner,Public Platform,Others,Fabien Renaudineau,12,0.0,8750.0,Recurring,2919.0,2919.0,2919.0,6,Q1
INFOVISTA SOUTH AFRICA,BTC - SDK / Crowdsourcing Solution,MEA,Platform(R),PO# 00001658,,,,MAG-M for BTC for 3 years,,,USD,2001.6,USD,72000.0,0.0,Robert FROGER,Closed Won,5/31/2022,INFOVISTA SOUTH AFRICA,2022-06-01,MEA,INFOVISTA SOUTH AFRICA,Partner,Public Platform,Others,Fabien Renaudineau,12,0.0,6000.0,Recurring,2001.6,2001.6,2001.6,6,Q1
INFOVISTA SOUTH AFRICA,BTC - SDK / Crowdsourcing Solution,MEA,Platform(R),PO# 00001657,,,,White Label App for BTC for 3 years,,,USD,2919.0,USD,105000.0,0.0,Robert FROGER,Closed Won,5/31/2022,INFOVISTA SOUTH AFRICA,2022-07-01,MEA,INFOVISTA SOUTH AFRICA,Partner,Public Platform,Others,Fabien Renaudineau,12,0.0,8750.0,Recurring,2919.0,2919.0,2919.0,7,Q2
INFOVISTA SOUTH AFRICA,BTC - SDK / Crowdsourcing Solution,MEA,Platform(R),PO# 00001658,,,,MAG-M for BTC for 3 years,,,USD,2001.6,USD,72000.0,0.0,Robert FROGER,Closed Won,5/31/2022,INFOVISTA SOUTH AFRICA,2022-07-01,MEA,INFOVISTA SOUTH AFRICA,Partner,Public Platform,Others,Fabien Renaudineau,12,0.0,6000.0,Recurring,2001.6,2001.6,2001.6,7,Q2
INFOVISTA SOUTH AFRICA,BTC - SDK / Crowdsourcing Solution,MEA,Platform(R),PO# 00001657,,,,White Label App for BTC for 3 years,,,USD,2919.0,USD,105000.0,0.0,Robert FROGER,Closed Won,5/31/2022,INFOVISTA SOUTH AFRICA,2022-08-01,MEA,INFOVISTA SOUTH AFRICA,Partner,Public Platform,Others,Fabien Renaudineau,12,0.0,8750.0,Recurring,2919.0,2919.0,2919.0,8,Q2
INFOVISTA SOUTH AFRICA,BTC - SDK / Crowdsourcing Solution,MEA,Platform(R),PO# 00001658,,,,MAG-M for BTC for 3 years,,,USD,2001.6,USD,72000.0,0.0,Robert FROGER,Closed Won,5/31/2022,INFOVISTA SOUTH AFRICA,2022-08-01,MEA,INFOVISTA SOUTH AFRICA,Partner,Public Platform,Others,Fabien Renaudineau,12,0.0,6000.0,Recurring,2001.6,2001.6,2001.6,8,Q2
INFOVISTA SOUTH AFRICA,BTC - SDK / Crowdsourcing Solution,MEA,Platform(R),PO# 00001657,,,,White Label App for BTC for 3 years,,,USD,2919.0,USD,105000.0,0.0,Robert FROGER,Closed Won,5/31/2022,INFOVISTA SOUTH AFRICA,2022-09-01,MEA,INFOVISTA SOUTH AFRICA,Partner,Public Platform,Others,Fabien Renaudineau,12,0.0,8750.0,Recurring,2919.0,2919.0,2919.0,9,Q2
INFOVISTA SOUTH AFRICA,BTC - SDK / Crowdsourcing Solution,MEA,Platform(R),PO# 00001658,,,,MAG-M for BTC for 3 years,,,USD,2001.6,USD,72000.0,0.0,Robert FROGER,Closed Won,5/31/2022,INFOVISTA SOUTH AFRICA,2022-09-01,MEA,INFOVISTA SOUTH AFRICA,Partner,Public Platform,Others,Fabien Renaudineau,12,0.0,6000.0,Recurring,2001.6,2001.6,2001.6,9,Q2
INFOVISTA SOUTH AFRICA,BTC - SDK / Crowdsourcing Solution,MEA,Platform(R),PO# 00001657,,,,White Label App for BTC for 3 years,,,USD,2919.0,USD,105000.0,0.0,Robert FROGER,Closed Won,5/31/2022,INFOVISTA SOUTH AFRICA,2022-10-01,MEA,INFOVISTA SOUTH AFRICA,Partner,Public Platform,Others,Fabien Renaudineau,12,0.0,8750.0,Recurring,2919.0,2919.0,2919.0,10,Q3
INFOVISTA SOUTH AFRICA,BTC - SDK / Crowdsourcing Solution,MEA,Platform(R),PO# 00001658,,,,MAG-M for BTC for 3 years,,,USD,2001.6,USD,72000.0,0.0,Robert FROGER,Closed Won,5/31/2022,INFOVISTA SOUTH AFRICA,2022-10-01,MEA,INFOVISTA SOUTH AFRICA,Partner,Public Platform,Others,Fabien Renaudineau,12,0.0,6000.0,Recurring,2001.6,2001.6,2001.6,10,Q3
INFOVISTA SOUTH AFRICA,BTC - SDK / Crowdsourcing Solution,MEA,Platform(R),PO# 00001657,,,,White Label App for BTC for 3 years,,,USD,2919.0,USD,105000.0,0.0,Robert FROGER,Closed Won,5/31/2022,INFOVISTA SOUTH AFRICA,2022-11-01,MEA,INFOVISTA SOUTH AFRICA,Partner,Public Platform,Others,Fabien Renaudineau,12,0.0,8750.0,Recurring,2919.0,2919.0,2919.0,11,Q3
INFOVISTA SOUTH AFRICA,BTC - SDK / Crowdsourcing Solution,MEA,Platform(R),PO# 00001658,,,,MAG-M for BTC for 3 years,,,USD,2001.6,USD,72000.0,0.0,Robert FROGER,Closed Won,5/31/2022,INFOVISTA SOUTH AFRICA,2022-11-01,MEA,INFOVISTA SOUTH AFRICA,Partner,Public Platform,Others,Fabien Renaudineau,12,0.0,6000.0,Recurring,2001.6,2001.6,2001.6,11,Q3
INFOVISTA SOUTH AFRICA,BTC - SDK / Crowdsourcing Solution,MEA,Platform(R),PO# 00001657,,,,White Label App for BTC for 3 years,,,USD,2919.0,USD,105000.0,0.0,Robert FROGER,Closed Won,5/31/2022,INFOVISTA SOUTH AFRICA,2022-12-01,MEA,INFOVISTA SOUTH AFRICA,Partner,Public Platform,Others,Fabien Renaudineau,12,0.0,8750.0,Recurring,2919.0,2919.0,2919.0,12,Q3
INFOVISTA SOUTH AFRICA,BTC - SDK / Crowdsourcing Solution,MEA,Platform(R),PO# 00001658,,,,MAG-M for BTC for 3 years,,,USD,2001.6,USD,72000.0,0.0,Robert FROGER,Closed Won,5/31/2022,INFOVISTA SOUTH AFRICA,2022-12-01,MEA,INFOVISTA SOUTH AFRICA,Partner,Public Platform,Others,Fabien Renaudineau,12,0.0,6000.0,Recurring,2001.6,2001.6,2001.6,12,Q3
INFOVISTA SOUTH AFRICA,BTC - SDK / Crowdsourcing Solution,MEA,Platform(R),PO# 00001657,,,,White Label App for BTC for 3 years,,,USD,2919.0,USD,105000.0,0.0,Robert FROGER,Closed Won,5/31/2022,INFOVISTA SOUTH AFRICA,2023-01-01,MEA,INFOVISTA SOUTH AFRICA,Partner,Public Platform,Others,Fabien Renaudineau,12,0.0,8750.0,Recurring,2919.0,2919.0,2919.0,1,Q4
INFOVISTA SOUTH AFRICA,BTC - SDK / Crowdsourcing Solution,MEA,Platform(R),PO# 00001658,,,,MAG-M for BTC for 3 years,,,USD,2001.6,USD,72000.0,0.0,Robert FROGER,Closed Won,5/31/2022,INFOVISTA SOUTH AFRICA,2023-01-01,MEA,INFOVISTA SOUTH AFRICA,Partner,Public Platform,Others,Fabien Renaudineau,12,0.0,6000.0,Recurring,2001.6,2001.6,2001.6,1,Q4
INFOVISTA SOUTH AFRICA,BTC - SDK / Crowdsourcing Solution,MEA,Platform(R),PO# 00001657,,,,White Label App for BTC for 3 years,,,USD,2919.0,USD,105000.0,0.0,Robert FROGER,Closed Won,5/31/2022,INFOVISTA SOUTH AFRICA,2023-02-01,MEA,INFOVISTA SOUTH AFRICA,Partner,Public Platform,Others,Fabien Renaudineau,12,0.0,8750.0,Recurring,2919.0,2919.0,2919.0,2,Q4
INFOVISTA SOUTH AFRICA,BTC - SDK / Crowdsourcing Solution,MEA,Platform(R),PO# 00001658,,,,MAG-M for BTC for 3 years,,,USD,2001.6,USD,72000.0,0.0,Robert FROGER,Closed Won,5/31/2022,INFOVISTA SOUTH AFRICA,2023-02-01,MEA,INFOVISTA SOUTH AFRICA,Partner,Public Platform,Others,Fabien Renaudineau,12,0.0,6000.0,Recurring,2001.6,2001.6,2001.6,2,Q4
INFOVISTA SOUTH AFRICA,BTC - SDK / Crowdsourcing Solution,MEA,Platform(R),PO# 00001657,,,,White Label App for BTC for 3 years,,,USD,2919.0,USD,105000.0,0.0,Robert FROGER,Closed Won,5/31/2022,INFOVISTA SOUTH AFRICA,2023-03-01,MEA,INFOVISTA SOUTH AFRICA,Partner,Public Platform,Others,Fabien Renaudineau,12,0.0,8750.0,Recurring,2919.0,2919.0,2919.0,3,Q4
INFOVISTA SOUTH AFRICA,BTC - SDK / Crowdsourcing Solution,MEA,Platform(R),PO# 00001658,,,,MAG-M for BTC for 3 years,,,USD,2001.6,USD,72000.0,0.0,Robert FROGER,Closed Won,5/31/2022,INFOVISTA SOUTH AFRICA,2023-03-01,MEA,INFOVISTA SOUTH AFRICA,Partner,Public Platform,Others,Fabien Renaudineau,12,0.0,6000.0,Recurring,2001.6,2001.6,2001.6,3,Q4
JS Bank,JS Bank mobile app,Other APAC,Platform(R),PO# 00001929,,,,,USD,50000.0,USD,3845.0,USD,50000.0,0.0,Perdiep Jankie,Negotiation,2/15/2023,JS Bank,2023-03-31,Other APAC,JS Bank,Customer,Application Platform,BFSI,SE-EN,1,50000.0,50000.0,Recurring,3845.0,-46155.0,3845.0,3,Q4
Lightstorm Tele Ventures,GIS Visualization Platform - POC,India,Services(R),PO# 00001695,,,,,USD,38461.54,USD,12820.51,USD,76923.08,0.0,Mohit Lohani,Closed Won,2/9/2022,Lightstorm Tele Ventures,2022-04-01,India,Lightstorm Tele Ventures,Customer,Private Platform,Asset Investor,Saravanan Manickam,4,9615.385,19230.77,Recurring,12820.51,3205.125,12820.51,4,Q1
Lightstorm Tele Ventures,GIS Visualization Platform - POC,India,Services(R),PO# 00001695,,,,,USD,38461.54,USD,12820.51,USD,76923.08,0.0,Mohit Lohani,Closed Won,2/9/2022,Lightstorm Tele Ventures,2022-05-01,India,Lightstorm Tele Ventures,Customer,Private Platform,Asset Investor,Saravanan Manickam,4,9615.385,19230.77,Recurring,12820.51,3205.125,12820.51,5,Q1
Lightstorm Tele Ventures,GIS Visualization Platform - POC,India,Services(R),PO# 00001695,,,,,USD,38461.54,USD,8974.36,USD,76923.08,0.0,Mohit Lohani,Closed Won,2/9/2022,Lightstorm Tele Ventures,2022-06-01,India,Lightstorm Tele Ventures,Customer,Private Platform,Asset Investor,Saravanan Manickam,4,9615.385,19230.77,Recurring,8974.36,-641.0249999999996,8974.36,6,Q1
Lightstorm Tele Ventures,GIS Visualization Platform - POC,India,Services(R),PO# 00001695,,,,,USD,38461.54,USD,3846.15,USD,76923.08,0.0,Mohit Lohani,Closed Won,2/9/2022,Lightstorm Tele Ventures,2022-07-01,India,Lightstorm Tele Ventures,Customer,Private Platform,Asset Investor,Saravanan Manickam,4,9615.385,19230.77,Recurring,3846.15,-5769.235000000001,3846.15,7,Q2
Lightstorm Tele Ventures,GIS Visualization Platform,India,One-Time,PO# 00002026,,,,,,,USD,300000.0,USD,300000.0,0.0,CXO,Negotiation,1/31/2023,Lightstorm Tele Ventures,2023-03-01,India,Lightstorm Tele Ventures,Customer,Private Platform,Asset Investor,Saravanan Manickam,1,0.0,300000.0,One-Time,300000.0,300000.0,0.0,3,Q4
Lightstorm Tele Ventures,Noida Airport,India,Services(R),PO# 00002029,,,,,,,USD,10256.41,USD,10256.41,0.0,Saravanan Manickam,Negotiation,2/15/2023,Lightstorm Tele Ventures,2023-03-01,India,Lightstorm Tele Ventures,Customer,Private Platform,Asset Investor,Saravanan Manickam,1,0.0,10256.41,Recurring,10256.41,10256.41,10256.41,3,Q4
Lillybelle,Maintenance Résomètre Burkina Faso (via Lillybelle) - 2022,Europe,Platform(R),PO# 00001520,2022010824,1/27/2022,,Maintenance Résomètre 2022,USD,6190.31,USD,515.65,USD,6190.31,0.0,Robert FROGER,Closed Won,1/26/2022,Lillybelle,2022-04-01,Europe,Lillybelle,Partner,Public Platform,Smart Cities / Territories,Robert FROGER,9,687.8122222222223,687.8122222222223,Recurring,515.65,-172.16222222222234,515.65,4,Q1
Lillybelle,Maintenance Résomètre Burkina Faso (via Lillybelle) - 2022,Europe,Platform(R),PO# 00001520,2022010824,1/27/2022,,Maintenance Résomètre 2022,USD,6190.31,USD,515.65,USD,6190.31,0.0,Robert FROGER,Closed Won,1/26/2022,Lillybelle,2022-05-01,Europe,Lillybelle,Partner,Public Platform,Smart Cities / Territories,Robert FROGER,9,687.8122222222223,687.8122222222223,Recurring,515.65,-172.16222222222234,515.65,5,Q1
Lillybelle,Maintenance Résomètre Burkina Faso (via Lillybelle) - 2022,Europe,Platform(R),PO# 00001520,2022010824,1/27/2022,,Maintenance Résomètre 2022,USD,6190.31,USD,516.27,USD,6190.31,0.0,Robert FROGER,Closed Won,1/26/2022,Lillybelle,2022-06-01,Europe,Lillybelle,Partner,Public Platform,Smart Cities / Territories,Robert FROGER,9,687.8122222222223,687.8122222222223,Recurring,516.27,-171.54222222222234,516.27,6,Q1
Lillybelle,Maintenance Résomètre Burkina Faso (via Lillybelle) - 2022,Europe,Platform(R),PO# 00001520,2022010824,1/27/2022,,Maintenance Résomètre 2022,USD,6190.31,USD,515.65,USD,6190.31,0.0,Robert FROGER,Closed Won,1/26/2022,Lillybelle,2022-07-01,Europe,Lillybelle,Partner,Public Platform,Smart Cities / Territories,Robert FROGER,9,687.8122222222223,687.8122222222223,Recurring,515.65,-172.16222222222234,515.65,7,Q2
Lillybelle,Maintenance Résomètre Burkina Faso (via Lillybelle) - 2022,Europe,Platform(R),PO# 00001520,2022010824,1/27/2022,,Maintenance Résomètre 2022,USD,6190.31,USD,515.65,USD,6190.31,0.0,Robert FROGER,Closed Won,1/26/2022,Lillybelle,2022-08-01,Europe,Lillybelle,Partner,Public Platform,Smart Cities / Territories,Robert FROGER,9,687.8122222222223,687.8122222222223,Recurring,515.65,-172.16222222222234,515.65,8,Q2
Lillybelle,Maintenance Résomètre Burkina Faso (via Lillybelle) - 2022,Europe,Platform(R),PO# 00001520,2022010824,1/27/2022,,Maintenance Résomètre 2022,USD,6190.31,USD,516.27,USD,6190.31,0.0,Robert FROGER,Closed Won,1/26/2022,Lillybelle,2022-09-01,Europe,Lillybelle,Partner,Public Platform,Smart Cities / Territories,Robert FROGER,9,687.8122222222223,687.8122222222223,Recurring,516.27,-171.54222222222234,516.27,9,Q2
Lillybelle,Maintenance Résomètre Burkina Faso (via Lillybelle) - 2022,Europe,Platform(R),PO# 00001520,2022010824,1/27/2022,,Maintenance Résomètre 2022,USD,6190.31,USD,515.65,USD,6190.31,0.0,Robert FROGER,Closed Won,1/26/2022,Lillybelle,2022-10-01,Europe,Lillybelle,Partner,Public Platform,Smart Cities / Territories,Robert FROGER,9,687.8122222222223,687.8122222222223,Recurring,515.65,-172.16222222222234,515.65,10,Q3
Lillybelle,Maintenance Résomètre Burkina Faso (via Lillybelle) - 2022,Europe,Platform(R),PO# 00001520,2022010824,1/27/2022,,Maintenance Résomètre 2022,USD,6190.31,USD,515.65,USD,6190.31,0.0,Robert FROGER,Closed Won,1/26/2022,Lillybelle,2022-11-01,Europe,Lillybelle,Partner,Public Platform,Smart Cities / Territories,Robert FROGER,9,687.8122222222223,687.8122222222223,Recurring,515.65,-172.16222222222234,515.65,11,Q3
Lillybelle,Maintenance Résomètre Burkina Faso (via Lillybelle) - 2022,Europe,Platform(R),PO# 00001520,2022010824,1/27/2022,,Maintenance Résomètre 2022,USD,6190.31,USD,516.27,USD,6190.31,0.0,Robert FROGER,Closed Won,1/26/2022,Lillybelle,2022-12-01,Europe,Lillybelle,Partner,Public Platform,Smart Cities / Territories,Robert FROGER,9,687.8122222222223,687.8122222222223,Recurring,516.27,-171.54222222222234,516.27,12,Q3
Lillybelle,Maintenance Résomètre Burkina Faso (via Lillybelle) - 2023,Europe,,PO# 00001558,,,,Maintenance application Résomètre pour 2023,,,USD,515.65,USD,6190.31,0.0,Robert FROGER,Negotiation,12/31/2022,Lillybelle,2023-01-01,Europe,Lillybelle,Partner,Public Platform,Smart Cities / Territories,Robert FROGER,3,0.0,2063.436666666667,Recurring,515.65,515.65,515.65,1,Q4
Lillybelle,Maintenance Résomètre Burkina Faso (via Lillybelle) - 2023,Europe,,PO# 00001558,,,,Maintenance application Résomètre pour 2023,,,USD,515.65,USD,6190.31,0.0,Robert FROGER,Negotiation,12/31/2022,Lillybelle,2023-02-01,Europe,Lillybelle,Partner,Public Platform,Smart Cities / Territories,Robert FROGER,3,0.0,2063.436666666667,Recurring,515.65,515.65,515.65,2,Q4
Lillybelle,Maintenance Résomètre Burkina Faso (via Lillybelle) - 2023,Europe,,PO# 00001558,,,,Maintenance application Résomètre pour 2023,,,USD,515.65,USD,6190.31,0.0,Robert FROGER,Negotiation,12/31/2022,Lillybelle,2023-03-01,Europe,Lillybelle,Partner,Public Platform,Smart Cities / Territories,Robert FROGER,3,0.0,2063.436666666667,Recurring,515.65,515.65,515.65,3,Q4
M1 Limited,SG CAS - MBS Maintenance - M1 2022,Other APAC,Services(R),PO# 00002048,,,,,USD,40418.94,USD,3366.9,USD,40418.94,0.0,CXO,Closed Won,12/30/2021,M1 Limited,2022-04-01,Other APAC,M1 Limited,Other,Private Platform,Telco,Saravanan Manickam,9,4490.993333333334,4490.993333333334,Recurring,3366.9,-1124.0933333333337,3366.9,4,Q1
M1 Limited,SG CAS - MBS Maintenance - M1 2022,Other APAC,Services(R),PO# 00002048,,,,,USD,40418.94,USD,3366.9,USD,40418.94,0.0,CXO,Closed Won,12/30/2021,M1 Limited,2022-05-01,Other APAC,M1 Limited,Other,Private Platform,Telco,Saravanan Manickam,9,4490.993333333334,4490.993333333334,Recurring,3366.9,-1124.0933333333337,3366.9,5,Q1
M1 Limited,SG CAS - MBS Maintenance - M1 2022,Other APAC,Services(R),PO# 00002048,,,,,USD,40418.94,USD,3366.9,USD,40418.94,0.0,CXO,Closed Won,12/30/2021,M1 Limited,2022-06-01,Other APAC,M1 Limited,Other,Private Platform,Telco,Saravanan Manickam,9,4490.993333333334,4490.993333333334,Recurring,3366.9,-1124.0933333333337,3366.9,6,Q1
M1 Limited,SG CAS - MBS Maintenance - M1 2022,Other APAC,Services(R),PO# 00002048,,,,,USD,40418.94,USD,3366.9,USD,40418.94,0.0,CXO,Closed Won,12/30/2021,M1 Limited,2022-07-01,Other APAC,M1 Limited,Other,Private Platform,Telco,Saravanan Manickam,9,4490.993333333334,4490.993333333334,Recurring,3366.9,-1124.0933333333337,3366.9,7,Q2
M1 Limited,SG CAS - MBS Maintenance - M1 2022,Other APAC,Services(R),PO# 00002048,,,,,USD,40418.94,USD,3366.9,USD,40418.94,0.0,CXO,Closed Won,12/30/2021,M1 Limited,2022-08-01,Other APAC,M1 Limited,Other,Private Platform,Telco,Saravanan Manickam,9,4490.993333333334,4490.993333333334,Recurring,3366.9,-1124.0933333333337,3366.9,8,Q2
M1 Limited,SG CAS - MBS Maintenance - M1 2022,Other APAC,Services(R),PO# 00002048,,,,,USD,40418.94,USD,3366.9,USD,40418.94,0.0,CXO,Closed Won,12/30/2021,M1 Limited,2022-09-01,Other APAC,M1 Limited,Other,Private Platform,Telco,Saravanan Manickam,9,4490.993333333334,4490.993333333334,Recurring,3366.9,-1124.0933333333337,3366.9,9,Q2
M1 Limited,SG CAS - MBS Maintenance - M1 2022,Other APAC,Services(R),PO# 00002048,,,,,USD,40418.94,USD,3366.9,USD,40418.94,0.0,CXO,Closed Won,12/30/2021,M1 Limited,2022-10-01,Other APAC,M1 Limited,Other,Private Platform,Telco,Saravanan Manickam,9,4490.993333333334,4490.993333333334,Recurring,3366.9,-1124.0933333333337,3366.9,10,Q3
M1 Limited,SG CAS - MBS Maintenance - M1 2022,Other APAC,Services(R),PO# 00002048,,,,,USD,40418.94,USD,3366.9,USD,40418.94,0.0,CXO,Closed Won,12/30/2021,M1 Limited,2022-11-01,Other APAC,M1 Limited,Other,Private Platform,Telco,Saravanan Manickam,9,4490.993333333334,4490.993333333334,Recurring,3366.9,-1124.0933333333337,3366.9,11,Q3
M1 Limited,SG CAS - MBS Maintenance - M1 2022,Other APAC,Services(R),PO# 00002048,,,,,USD,40418.94,USD,3366.9,USD,40418.94,0.0,CXO,Closed Won,12/30/2021,M1 Limited,2022-12-01,Other APAC,M1 Limited,Other,Private Platform,Telco,Saravanan Manickam,9,4490.993333333334,4490.993333333334,Recurring,3366.9,-1124.0933333333337,3366.9,12,Q3
M1 Limited,SG CAS - MBS Maintenance - M1 2023,Other APAC,,PO# 00002049,,,,,,,USD,3366.9,USD,40418.94,0.0,CXO,Verbal,12/30/2022,M1 Limited,2023-01-01,Other APAC,M1 Limited,Other,Private Platform,Telco,Saravanan Manickam,3,0.0,13472.980000000001,Recurring,3366.9,3366.9,3366.9,1,Q4
M1 Limited,SG CAS - MBS Maintenance - M1 2023,Other APAC,,PO# 00002049,,,,,,,USD,3366.9,USD,40418.94,0.0,CXO,Verbal,12/30/2022,M1 Limited,2023-02-01,Other APAC,M1 Limited,Other,Private Platform,Telco,Saravanan Manickam,3,0.0,13472.980000000001,Recurring,3366.9,3366.9,3366.9,2,Q4
M1 Limited,SG CAS - MBS Maintenance - M1 2023,Other APAC,,PO# 00002049,,,,,,,USD,3366.9,USD,40418.94,0.0,CXO,Verbal,12/30/2022,M1 Limited,2023-03-01,Other APAC,M1 Limited,Other,Private Platform,Telco,Saravanan Manickam,3,0.0,13472.980000000001,Recurring,3366.9,3366.9,3366.9,3,Q4
Marina Bay Sands,SG CAS - MBS TETRA System Maintenance 2022,Other APAC,Platform(R),PO# 00001762,,,CW2749256,Managed Services,,,USD,7958.33,USD,95500.0,0.0,Saravanan Manickam,Closed Won,1/13/2022,Marina Bay Sands,2022-04-04,Other APAC,Marina Bay Sands,Other,Private Platform,Asset Owner,Saravanan Manickam,9,0.0,10611.111111111111,Recurring,7958.33,7958.33,7958.33,4,Q1
Marina Bay Sands,SG CAS - MBS Hotel T1 & T2 Room Infra 5G Upgrade,Other APAC,Services(R),PO# 00001983,22230001,4/18/2022,ARPO3431456,Materials,USD,38382.6,USD,38382.6,USD,38382.6,0.0,Saravanan Manickam,Closed Won,10/15/2021,Marina Bay Sands,2022-04-01,Other APAC,Marina Bay Sands,Other,Private Platform,Asset Owner,Saravanan Manickam,1,38382.6,38382.6,Recurring,38382.6,0.0,38382.6,4,Q1
Marina Bay Sands,SG CAS - MBS Hotel T1 & T2 Room Infra 5G Upgrade,Other APAC,Services(R),PO# 00001986,22230004,4/21/2022,ARPO3431456,Materials,USD,8293.4,USD,8293.4,USD,8293.4,0.0,Saravanan Manickam,Closed Won,10/15/2021,Marina Bay Sands,2022-04-04,Other APAC,Marina Bay Sands,Other,Private Platform,Asset Owner,Saravanan Manickam,1,8293.4,8293.4,Recurring,8293.4,0.0,8293.4,4,Q1
Marina Bay Sands,SG CAS - MBS Hotel T1 & T2 Room Infra 5G Upgrade,Other APAC,Services(R),PO# 00001984,22230002,4/18/2022,ARPO3431456,Materials,USD,102410.62,USD,102410.62,USD,102410.62,0.0,Saravanan Manickam,Closed Won,10/15/2021,Marina Bay Sands,2022-04-06,Other APAC,Marina Bay Sands,Other,Private Platform,Asset Owner,Saravanan Manickam,1,102410.62,102410.62,Recurring,102410.62,0.0,102410.62,4,Q1
Marina Bay Sands,SG CAS - MBS TETRA System Maintenance 2022,Other APAC,Platform(R),PO# 00001762,,,CW2749256,Managed Services,,,USD,7958.33,USD,95500.0,0.0,Saravanan Manickam,Closed Won,1/13/2022,Marina Bay Sands,2022-05-02,Other APAC,Marina Bay Sands,Other,Private Platform,Asset Owner,Saravanan Manickam,9,0.0,10611.111111111111,Recurring,7958.33,7958.33,7958.33,5,Q1
Marina Bay Sands,SG CAS - MBS Hotel T1 & T2 Room Infra 5G Upgrade,Other APAC,Services(R),PO# 00001987,22230005,5/9/2022,ARPO3431456,Materials,USD,31593.07,USD,31593.07,USD,31593.07,0.0,Saravanan Manickam,Closed Won,10/15/2021,Marina Bay Sands,2022-05-04,Other APAC,Marina Bay Sands,Other,Private Platform,Asset Owner,Saravanan Manickam,1,31593.07,31593.07,Recurring,31593.07,0.0,31593.07,5,Q1
Marina Bay Sands,SG CAS - MBS Hotel T1 & T2 Room Infra 5G Upgrade,Other APAC,Services(R),PO# 00001988,22230006,5/23/2022,ARPO3431456,Materials,USD,72244.75,USD,72244.75,USD,72244.75,0.0,Saravanan Manickam,Closed Won,10/15/2021,Marina Bay Sands,2022-05-04,Other APAC,Marina Bay Sands,Other,Private Platform,Asset Owner,Saravanan Manickam,1,72244.75,72244.75,Recurring,72244.75,0.0,72244.75,5,Q1
Marina Bay Sands,SG CAS - MBS TETRA System Maintenance 2022,Other APAC,Platform(R),PO# 00001762,,,CW2749256,Managed Services,,,USD,7958.33,USD,95500.0,0.0,Saravanan Manickam,Closed Won,1/13/2022,Marina Bay Sands,2022-06-01,Other APAC,Marina Bay Sands,Other,Private Platform,Asset Owner,Saravanan Manickam,9,0.0,10611.111111111111,Recurring,7958.33,7958.33,7958.33,6,Q1
Marina Bay Sands,SG CAS - MBS Hotel T1 & T2 Room Infra 5G Upgrade,Other APAC,Services(R),PO# 00001991,22230009,6/30/2022,ARPO3431456,Materials,USD,76299.3,USD,76299.3,USD,76299.3,0.0,Saravanan Manickam,Closed Won,10/15/2021,Marina Bay Sands,2022-06-01,Other APAC,Marina Bay Sands,Other,Private Platform,Asset Owner,Saravanan Manickam,1,76299.3,76299.3,Recurring,76299.3,0.0,76299.3,6,Q1
Marina Bay Sands,SG CAS - MBS Hotel T1 & T2 Room Infra 5G Upgrade,Other APAC,Services(R),PO# 00001989,22230007,6/1/2022,ARPO3431456,Materials,USD,239646.15,USD,239646.15,USD,239646.15,0.0,Saravanan Manickam,Closed Won,10/15/2021,Marina Bay Sands,2022-06-01,Other APAC,Marina Bay Sands,Other,Private Platform,Asset Owner,Saravanan Manickam,1,239646.15,239646.15,Recurring,239646.15,0.0,239646.15,6,Q1
Marina Bay Sands,SG CAS - MBS Hotel T1 & T2 Room Infra 5G Upgrade,Other APAC,Services(R),PO# 00001990,22230008,6/30/2022,ARPO3431456,Materials,USD,42572.8,USD,42572.8,USD,42572.8,0.0,Saravanan Manickam,Closed Won,10/15/2021,Marina Bay Sands,2022-06-01,Other APAC,Marina Bay Sands,Other,Private Platform,Asset Owner,Saravanan Manickam,1,42572.8,42572.8,Recurring,42572.8,0.0,42572.8,6,Q1
Marina Bay Sands,SG CAS - MBS TETRA System Maintenance 2022,Other APAC,Platform(R),PO# 00001762,,,CW2749256,Managed Services,,,USD,7958.33,USD,95500.0,0.0,Saravanan Manickam,Closed Won,1/13/2022,Marina Bay Sands,2022-07-01,Other APAC,Marina Bay Sands,Other,Private Platform,Asset Owner,Saravanan Manickam,9,0.0,10611.111111111111,Recurring,7958.33,7958.33,7958.33,7,Q2
Marina Bay Sands,SG CAS - MBS Hotel T1 & T2 Room Infra 5G Upgrade,Other APAC,Services(R),PO# 00001993,22230011,7/22/2022,ARPO3431456,Materials,USD,5012.9,USD,5012.9,USD,5012.9,0.0,Saravanan Manickam,Closed Won,10/15/2021,Marina Bay Sands,2022-07-03,Other APAC,Marina Bay Sands,Other,Private Platform,Asset Owner,Saravanan Manickam,1,5012.9,5012.9,Recurring,5012.9,0.0,5012.9,7,Q2
Marina Bay Sands,SG CAS - MBS Hotel T1 & T2 Room Infra 5G Upgrade,Other APAC,Services(R),PO# 00001994,22230012,7/22/2022,ARPO3431456,Materials,USD,60656.1,USD,60656.1,USD,60656.1,0.0,Saravanan Manickam,Closed Won,10/15/2021,Marina Bay Sands,2022-07-04,Other APAC,Marina Bay Sands,Other,Private Platform,Asset Owner,Saravanan Manickam,1,60656.1,60656.1,Recurring,60656.1,0.0,60656.1,7,Q2
Marina Bay Sands,SG CAS - MBS Hotel T1 & T2 Room Infra 5G Upgrade,Other APAC,Services(R),PO# 00001997,22230015,7/31/2022,ARPO3431456,Materials,USD,51329.16,USD,51329.16,USD,51329.16,0.0,Saravanan Manickam,Closed Won,10/15/2021,Marina Bay Sands,2022-07-01,Other APAC,Marina Bay Sands,Other,Private Platform,Asset Owner,Saravanan Manickam,1,51329.16,51329.16,Recurring,51329.16,0.0,51329.16,7,Q2
Marina Bay Sands,SG CAS - MBS Hotel T1 & T2 Room Infra 5G Upgrade,Other APAC,Services(R),PO# 00001992,22230010,7/1/2022,ARPO3431456,Materials,USD,270917.8,USD,270917.8,USD,270917.8,0.0,Saravanan Manickam,Closed Won,10/15/2021,Marina Bay Sands,2022-07-05,Other APAC,Marina Bay Sands,Other,Private Platform,Asset Owner,Saravanan Manickam,1,270917.8,270917.8,Recurring,270917.8,0.0,270917.8,7,Q2
Marina Bay Sands,SG CAS - MBS Hotel T1 & T2 Room Infra 5G Upgrade,Other APAC,Services(R),PO# 00001996,22230014,7/24/2022,ARPO3431456,Materials,USD,167955.03,USD,167955.03,USD,167955.03,0.0,Saravanan Manickam,Closed Won,10/15/2021,Marina Bay Sands,2022-07-04,Other APAC,Marina Bay Sands,Other,Private Platform,Asset Owner,Saravanan Manickam,1,167955.03,167955.03,Recurring,167955.03,0.0,167955.03,7,Q2
Marina Bay Sands,SG CAS - MBS Hotel T1 & T2 Room Infra 5G Upgrade,Other APAC,Services(R),PO# 00001995,22230013,7/22/2022,ARPO3431456,Materials,USD,54168.82,USD,54168.82,USD,54168.82,0.0,Saravanan Manickam,Closed Won,10/15/2021,Marina Bay Sands,2022-07-04,Other APAC,Marina Bay Sands,Other,Private Platform,Asset Owner,Saravanan Manickam,1,54168.82,54168.82,Recurring,54168.82,0.0,54168.82,7,Q2
Marina Bay Sands,SG CAS - MBS TETRA System Maintenance 2022,Other APAC,Platform(R),PO# 00001762,,,CW2749256,Managed Services,,,USD,7958.33,USD,95500.0,0.0,Saravanan Manickam,Closed Won,1/13/2022,Marina Bay Sands,2022-08-01,Other APAC,Marina Bay Sands,Other,Private Platform,Asset Owner,Saravanan Manickam,9,0.0,10611.111111111111,Recurring,7958.33,7958.33,7958.33,8,Q2
Marina Bay Sands,SG CAS - MBS Hotel T1 & T2 Room Infra 5G Upgrade,Other APAC,Services(R),PO# 00001998,22230016,8/5/2022,ARPO3431456,Materials,USD,42591.96,USD,42591.96,USD,42591.96,0.0,Saravanan Manickam,Closed Won,10/15/2021,Marina Bay Sands,2022-08-08,Other APAC,Marina Bay Sands,Other,Private Platform,Asset Owner,Saravanan Manickam,1,42591.96,42591.96,Recurring,42591.96,0.0,42591.96,8,Q2
Marina Bay Sands,SG CAS - MBS TETRA System Maintenance 2022,Other APAC,Platform(R),PO# 00001762,,,CW2749256,Managed Services,,,USD,7958.33,USD,95500.0,0.0,Saravanan Manickam,Closed Won,1/13/2022,Marina Bay Sands,2022-09-01,Other APAC,Marina Bay Sands,Other,Private Platform,Asset Owner,Saravanan Manickam,9,0.0,10611.111111111111,Recurring,7958.33,7958.33,7958.33,9,Q2
Marina Bay Sands,SG CAS - MBS TETRA System Maintenance 2022,Other APAC,Platform(R),PO# 00001762,,,CW2749256,Managed Services,,,USD,7958.33,USD,95500.0,0.0,Saravanan Manickam,Closed Won,1/13/2022,Marina Bay Sands,2022-10-03,Other APAC,Marina Bay Sands,Other,Private Platform,Asset Owner,Saravanan Manickam,9,0.0,10611.111111111111,Recurring,7958.33,7958.33,7958.33,10,Q3
Marina Bay Sands,SG CAS - MBS T2B2 Linen Room,Other APAC,Services(R),PO# 00002002,22230019,10/28/2022,ARPO3985833,Materials and Services,USD,412.83,USD,412.83,USD,412.83,0.0,Saravanan Manickam,Closed Won,9/13/2022,Marina Bay Sands,2022-10-03,Other APAC,Marina Bay Sands,Other,Private Platform,Asset Owner,Saravanan Manickam,1,412.83,412.83,Recurring,412.83,0.0,412.83,10,Q3
Marina Bay Sands,SG CAS - MBS Hotel T1 & T2 Room Infra 5G Upgrade,Other APAC,Services(R),PO# 00001999,22230018,10/28/2022,ARPO3431456,Materials,USD,181349.06,USD,181349.06,USD,181349.06,0.0,Saravanan Manickam,Closed Won,10/15/2021,Marina Bay Sands,2022-10-04,Other APAC,Marina Bay Sands,Other,Private Platform,Asset Owner,Saravanan Manickam,1,181349.06,181349.06,Recurring,181349.06,0.0,181349.06,10,Q3
Marina Bay Sands,SG CAS - MBS T2B2 Linen Room Services,Other APAC,Platform(R),PO# 00002003,22230020,10/28/2022,ARPO3985834,ATP Report,USD,844.82,USD,844.82,USD,844.82,0.0,Saravanan Manickam,Closed Won,9/13/2022,Marina Bay Sands,2022-10-03,Other APAC,Marina Bay Sands,Other,Private Platform,Asset Owner,Saravanan Manickam,1,844.82,844.82,Recurring,844.82,0.0,844.82,10,Q3
Marina Bay Sands,SG CAS - MBS TETRA System Maintenance 2022,Other APAC,Platform(R),PO# 00001762,,,CW2749256,Managed Services,,,USD,7958.33,USD,95500.0,0.0,Saravanan Manickam,Closed Won,1/13/2022,Marina Bay Sands,2022-11-01,Other APAC,Marina Bay Sands,Other,Private Platform,Asset Owner,Saravanan Manickam,9,0.0,10611.111111111111,Recurring,7958.33,7958.33,7958.33,11,Q3
Marina Bay Sands,SG CAS - MBS TETRA System Maintenance 2022,Other APAC,Platform(R),PO# 00001762,,,CW2749256,Managed Services,,,USD,7958.33,USD,95500.0,0.0,Saravanan Manickam,Closed Won,1/13/2022,Marina Bay Sands,2022-12-01,Other APAC,Marina Bay Sands,Other,Private Platform,Asset Owner,Saravanan Manickam,9,0.0,10611.111111111111,Recurring,7958.33,7958.33,7958.33,12,Q3
Meezan Bank,Meezan Bank Mobile app,MEA,Platform(R),PO# 00001944,,,,,,,USD,6247.5,USD,75000.0,0.0,Perdiep Jankie,Negotiation,2/28/2023,Meezan Bank,2023-03-28,MEA,Meezan Bank,Prospect,Application Platform,BFSI,Perdiep Jankie,1,0.0,75000.0,Recurring,6247.5,6247.5,6247.5,3,Q4
Metro Pacific Hospital Holdings Inc,MPHHI,Philippines,Platform(R),PO# 00002022,,,,,,,USD,4165.0,USD,50000.0,0.0,Erlyn Gabijan,Verbal,2/28/2023,Metro Pacific Hospital Holdings Inc,2023-02-28,Philippines,Metro Pacific Hospital Holdings Inc,Customer,Application Platform,Others,Erlyn Gabijan,2,0.0,25000.0,Recurring,4165.0,4165.0,4165.0,2,Q4
Metro Pacific Hospital Holdings Inc,MPHHI,Philippines,Platform(R),PO# 00002022,,,,,,,USD,4165.0,USD,50000.0,0.0,Erlyn Gabijan,Verbal,2/28/2023,Metro Pacific Hospital Holdings Inc,2023-03-28,Philippines,Metro Pacific Hospital Holdings Inc,Customer,Application Platform,Others,Erlyn Gabijan,2,0.0,25000.0,Recurring,4165.0,4165.0,4165.0,3,Q4
MRH Digital Sdn Bhd,DAS - Ipoh General Hospital,Other APAC,Platform(R),PO# 00002035,,,,Design Proposal,,,USD,244366.9,USD,244366.9,0.0,Saravanan Manickam,Negotiation,2/22/2023,MRH Digital Sdn Bhd,2023-02-23,Other APAC,MRH Digital Sdn Bhd,Partner,Private Platform,Asset Owner,Saravanan Manickam,1,0.0,244366.9,Recurring,244366.9,244366.9,244366.9,2,Q4
MRH Digital Sdn Bhd,DAS - Ipoh General Hospital,Other APAC,One-Time,PO# 00002036,,,,Materials,,,USD,244367.05,USD,244367.05,0.0,Saravanan Manickam,Negotiation,2/22/2023,MRH Digital Sdn Bhd,2023-03-15,Other APAC,MRH Digital Sdn Bhd,Partner,Private Platform,Asset Owner,Saravanan Manickam,1,0.0,244367.05,One-Time,244367.05,244367.05,0.0,3,Q4
MRH Digital Sdn Bhd,DAS - SUK Perak,Other APAC,Platform(R),PO# 00002077,,,,Design Proposal,,,USD,10458.51,USD,10458.51,0.0,CXO,Negotiation,3/30/2023,MRH Digital Sdn Bhd,2023-03-20,Other APAC,MRH Digital Sdn Bhd,Partner,Private Platform,Asset Owner,Saravanan Manickam,1,0.0,10458.51,Recurring,10458.51,10458.51,10458.51,3,Q4
MRH Digital Sdn Bhd,DAS - SUK Perak,Other APAC,One-Time,PO# 00002078,,,,Materials,,,USD,10458.51,USD,10458.51,0.0,CXO,Negotiation,3/30/2023,MRH Digital Sdn Bhd,2023-03-21,Other APAC,MRH Digital Sdn Bhd,Partner,Private Platform,Asset Owner,Saravanan Manickam,1,0.0,10458.51,One-Time,10458.51,10458.51,0.0,3,Q4
Ooredoo,Oooredoo FIFA 2022,MEA,Platform(R),PO# 00001916,,,,,USD,200000.0,USD,23200.0,USD,232000.0,0.0,Perdiep Jankie,Closed Won,11/24/2022,Ooredoo,2022-11-15,MEA,Ooredoo,Prospect,Application Platform,Telco,Perdiep Jankie,4,50000.0,58000.0,Recurring,23200.0,-26800.0,23200.0,11,Q3
Ooredoo,Oooredoo FIFA 2022,MEA,Platform(R),PO# 00001916,,,,,USD,200000.0,USD,139200.0,USD,232000.0,0.0,Perdiep Jankie,Closed Won,11/24/2022,Ooredoo,2022-12-15,MEA,Ooredoo,Prospect,Application Platform,Telco,Perdiep Jankie,4,50000.0,58000.0,Recurring,139200.0,89200.0,139200.0,12,Q3
Ooredoo,Oooredoo FIFA 2022,MEA,Platform(R),PO# 00001916,,,,,USD,200000.0,USD,23200.0,USD,232000.0,0.0,Perdiep Jankie,Closed Won,11/24/2022,Ooredoo,2023-01-15,MEA,Ooredoo,Prospect,Application Platform,Telco,Perdiep Jankie,4,50000.0,58000.0,Recurring,23200.0,-26800.0,23200.0,1,Q4
Ooredoo,Oooredoo FIFA 2022,MEA,Platform(R),PO# 00001916,,,,,USD,200000.0,USD,46400.0,USD,232000.0,0.0,Perdiep Jankie,Closed Won,11/24/2022,Ooredoo,2023-02-15,MEA,Ooredoo,Prospect,Application Platform,Telco,Perdiep Jankie,4,50000.0,58000.0,Recurring,46400.0,-3600.0,46400.0,2,Q4
Ooredoo,Oooredoo - Additional Licenses,MEA,Platform(R),PO# 00002041,,,,,,,USD,12500.0,USD,25000.0,0.0,Perdiep Jankie,Negotiation,2/28/2023,Ooredoo,2023-03-01,MEA,Ooredoo,Prospect,Application Platform,Telco,Perdiep Jankie,1,0.0,25000.0,Recurring,12500.0,12500.0,12500.0,3,Q4
Orange Caraïbe,Licences 4GMARK x 3 - 2021,Europe,Platform(R),PO# 00001222,2021060530,6/11/2021,,3 5GMARK licenses for 1 year,USD,4974.35,USD,414.86,USD,4974.35,0.0,Robert FROGER,Closed Won,5/5/2021,Orange Caraïbe,2022-04-01,Europe,Orange Caraïbe,Customer,Public Platform,Regulator,Sales-EMEA,1,4974.35,4974.35,Recurring,414.86,-4559.490000000001,414.86,4,Q1
Orange Caraïbe,Orange Caraïbes - licences 2022/2023,Europe,Platform(R),PO# 00001813,2022070946,7/11/2022,238172,4 licences 5GMARK PRO pour 2022/2023,USD,6632.47,USD,552.48,USD,6632.47,0.0,Robert FROGER,Closed Won,5/25/2022,Orange Caraïbe,2022-06-01,Europe,Orange Caraïbe,Customer,Public Platform,Regulator,Sales-EMEA,10,663.2470000000001,663.2470000000001,Recurring,552.48,-110.76700000000005,552.48,6,Q1
Orange Caraïbe,Orange Caraïbes - licences 2022/2023,Europe,Platform(R),PO# 00001813,2022070946,7/11/2022,238172,4 licences 5GMARK PRO pour 2022/2023,USD,6632.47,USD,552.48,USD,6632.47,0.0,Robert FROGER,Closed Won,5/25/2022,Orange Caraïbe,2022-07-01,Europe,Orange Caraïbe,Customer,Public Platform,Regulator,Sales-EMEA,10,663.2470000000001,663.2470000000001,Recurring,552.48,-110.76700000000005,552.48,7,Q2
Orange Caraïbe,Orange Caraïbes - licences 2022/2023,Europe,Platform(R),PO# 00001813,2022070946,7/11/2022,238172,4 licences 5GMARK PRO pour 2022/2023,USD,6632.47,USD,553.15,USD,6632.47,0.0,Robert FROGER,Closed Won,5/25/2022,Orange Caraïbe,2022-08-01,Europe,Orange Caraïbe,Customer,Public Platform,Regulator,Sales-EMEA,10,663.2470000000001,663.2470000000001,Recurring,553.15,-110.0970000000001,553.15,8,Q2
Orange Caraïbe,Orange Caraïbes - licences 2022/2023,Europe,Platform(R),PO# 00001813,2022070946,7/11/2022,238172,4 licences 5GMARK PRO pour 2022/2023,USD,6632.47,USD,552.48,USD,6632.47,0.0,Robert FROGER,Closed Won,5/25/2022,Orange Caraïbe,2022-09-01,Europe,Orange Caraïbe,Customer,Public Platform,Regulator,Sales-EMEA,10,663.2470000000001,663.2470000000001,Recurring,552.48,-110.76700000000005,552.48,9,Q2
Orange Caraïbe,Orange Caraïbes - licences 2022/2023,Europe,Platform(R),PO# 00001813,2022070946,7/11/2022,238172,4 licences 5GMARK PRO pour 2022/2023,USD,6632.47,USD,552.48,USD,6632.47,0.0,Robert FROGER,Closed Won,5/25/2022,Orange Caraïbe,2022-10-01,Europe,Orange Caraïbe,Customer,Public Platform,Regulator,Sales-EMEA,10,663.2470000000001,663.2470000000001,Recurring,552.48,-110.76700000000005,552.48,10,Q3
Orange Caraïbe,Orange Caraïbes - licences 2022/2023,Europe,Platform(R),PO# 00001813,2022070946,7/11/2022,238172,4 licences 5GMARK PRO pour 2022/2023,USD,6632.47,USD,553.15,USD,6632.47,0.0,Robert FROGER,Closed Won,5/25/2022,Orange Caraïbe,2022-11-01,Europe,Orange Caraïbe,Customer,Public Platform,Regulator,Sales-EMEA,10,663.2470000000001,663.2470000000001,Recurring,553.15,-110.0970000000001,553.15,11,Q3
Orange Caraïbe,Orange Caraïbes - licences 2022/2023,Europe,Platform(R),PO# 00001813,2022070946,7/11/2022,238172,4 licences 5GMARK PRO pour 2022/2023,USD,6632.47,USD,552.48,USD,6632.47,0.0,Robert FROGER,Closed Won,5/25/2022,Orange Caraïbe,2022-12-01,Europe,Orange Caraïbe,Customer,Public Platform,Regulator,Sales-EMEA,10,663.2470000000001,663.2470000000001,Recurring,552.48,-110.76700000000005,552.48,12,Q3
Orange Caraïbe,Orange Caraïbes - licences 2022/2023,Europe,Platform(R),PO# 00001813,2022070946,7/11/2022,238172,4 licences 5GMARK PRO pour 2022/2023,USD,6632.47,USD,552.48,USD,6632.47,0.0,Robert FROGER,Closed Won,5/25/2022,Orange Caraïbe,2023-01-01,Europe,Orange Caraïbe,Customer,Public Platform,Regulator,Sales-EMEA,10,663.2470000000001,663.2470000000001,Recurring,552.48,-110.76700000000005,552.48,1,Q4
Orange Caraïbe,Orange Caraïbes - licences 2022/2023,Europe,Platform(R),PO# 00001813,2022070946,7/11/2022,238172,4 licences 5GMARK PRO pour 2022/2023,USD,6632.47,USD,553.15,USD,6632.47,0.0,Robert FROGER,Closed Won,5/25/2022,Orange Caraïbe,2023-02-01,Europe,Orange Caraïbe,Customer,Public Platform,Regulator,Sales-EMEA,10,663.2470000000001,663.2470000000001,Recurring,553.15,-110.0970000000001,553.15,2,Q4
Orange Caraïbe,Orange Caraïbes - licences 2022/2023,Europe,Platform(R),PO# 00001813,2022070946,7/11/2022,238172,4 licences 5GMARK PRO pour 2022/2023,USD,6632.47,USD,552.48,USD,6632.47,0.0,Robert FROGER,Closed Won,5/25/2022,Orange Caraïbe,2023-03-01,Europe,Orange Caraïbe,Customer,Public Platform,Regulator,Sales-EMEA,10,663.2470000000001,663.2470000000001,Recurring,552.48,-110.76700000000005,552.48,3,Q4
Orange France,Accès portail de données Updata 2022,Europe,Platform(R),PO# 00001449,2022010802,1/5/2022,AA01002489,Updata - Orange - 2022-S1,USD,82905.91,USD,13820.41,USD,82905.91,0.0,Robert FROGER,Closed Won,11/4/2021,Orange France,2022-04-01,Europe,Orange France,Customer,Public Platform,Telco,Robert FROGER,3,27635.303333333333,27635.303333333333,Recurring,13820.41,-13814.893333333333,13820.41,4,Q1
Orange France,Orange - Licences 5Gmark Pro x 70 - 2022,Europe,Platform(R),PO# 00001460,2022010801,1/5/2022,,70 licences 5GMARK PRO,USD,66324.73,USD,5524.85,USD,66324.73,0.0,Robert FROGER,Closed Won,12/15/2021,Orange France,2022-04-01,Europe,Orange France,Customer,Public Platform,Telco,Robert FROGER,9,7369.414444444444,7369.414444444444,Recurring,5524.85,-1844.5644444444433,5524.85,4,Q1
Orange France,Orange - 5GMark Crowdsourcing France 2022,Europe,Platform(R),PO# 00001461,2022010803,1/5/2022,AA01002496,Orange - 5Gmark Crowdsourcing 2022,USD,82905.91,USD,6906.06,USD,82905.91,0.0,Robert FROGER,Closed Won,11/4/2021,Orange France,2022-04-01,Europe,Orange France,Customer,Public Platform,Telco,Robert FROGER,9,9211.767777777779,9211.767777777779,Recurring,6906.06,-2305.7077777777786,6906.06,4,Q1
Orange France,MT CMN Orange - Prestations Avril 2022,Europe,Services(R),PO# 00001747,2022060923,6/20/2022,AA00836336,MT CMN Orange - Prestations Avril 2022,USD,32200.65,USD,32200.65,USD,32200.65,0.0,Sylvain Grateau,Closed Won,4/1/2022,Orange France,2022-04-01,Europe,Orange France,Customer,Public Platform,Telco,Robert FROGER,1,32200.65,32200.65,Recurring,32200.65,0.0,32200.65,4,Q1
Orange France,Accès portail de données Updata 2022,Europe,Platform(R),PO# 00001449,2022010802,1/5/2022,AA01002489,Updata - Orange - 2022-S1,USD,82905.91,USD,13820.41,USD,82905.91,0.0,Robert FROGER,Closed Won,11/4/2021,Orange France,2022-05-01,Europe,Orange France,Customer,Public Platform,Telco,Robert FROGER,3,27635.303333333333,27635.303333333333,Recurring,13820.41,-13814.893333333333,13820.41,5,Q1
Orange France,Orange - Licences 5Gmark Pro x 70 - 2022,Europe,Platform(R),PO# 00001460,2022010801,1/5/2022,,70 licences 5GMARK PRO,USD,66324.73,USD,5524.85,USD,66324.73,0.0,Robert FROGER,Closed Won,12/15/2021,Orange France,2022-05-01,Europe,Orange France,Customer,Public Platform,Telco,Robert FROGER,9,7369.414444444444,7369.414444444444,Recurring,5524.85,-1844.5644444444433,5524.85,5,Q1
Orange France,Orange - 5GMark Crowdsourcing France 2022,Europe,Platform(R),PO# 00001461,2022010803,1/5/2022,AA01002496,Orange - 5Gmark Crowdsourcing 2022,USD,82905.91,USD,6906.06,USD,82905.91,0.0,Robert FROGER,Closed Won,11/4/2021,Orange France,2022-05-01,Europe,Orange France,Customer,Public Platform,Telco,Robert FROGER,9,9211.767777777779,9211.767777777779,Recurring,6906.06,-2305.7077777777786,6906.06,5,Q1
Orange France,MT CMN Orange - Prestations Mai 2022,Europe,Services(R),PO# 00001748,2022060924,6/20/2022,AA00836336,MT CMN Orange - Prestations Mai 2022,USD,43059.12,USD,43059.12,USD,43059.12,0.0,Sylvain Grateau,Closed Won,5/1/2022,Orange France,2022-05-01,Europe,Orange France,Customer,Public Platform,Telco,Robert FROGER,1,43059.12,43059.12,Recurring,43059.12,0.0,43059.12,5,Q1
Orange France,MT CMN Orange - num7310 - métro_01NET,Europe,Services(R),PO# 00001792,2022060925,6/21/2022,AA01126045,MT CMN Orange - num7013 - métro_01NET,USD,11606.83,USD,11606.83,USD,11606.83,0.0,Sylvain Grateau,Closed Won,5/2/2022,Orange France,2022-05-01,Europe,Orange France,Customer,Public Platform,Telco,Robert FROGER,1,11606.83,11606.83,Recurring,11606.83,0.0,11606.83,5,Q1
Orange France,Accès portail de données Updata 2022,Europe,Platform(R),PO# 00001449,2022010802,1/5/2022,AA01002489,Updata - Orange - 2022-S1,USD,82905.91,USD,13812.12,USD,82905.91,0.0,Robert FROGER,Closed Won,11/4/2021,Orange France,2022-06-01,Europe,Orange France,Customer,Public Platform,Telco,Robert FROGER,3,27635.303333333333,27635.303333333333,Recurring,13812.12,-13823.183333333332,13812.12,6,Q1
Orange France,Orange - Licences 5Gmark Pro x 70 - 2022,Europe,Platform(R),PO# 00001460,2022010801,1/5/2022,,70 licences 5GMARK PRO,USD,66324.73,USD,5531.48,USD,66324.73,0.0,Robert FROGER,Closed Won,12/15/2021,Orange France,2022-06-01,Europe,Orange France,Customer,Public Platform,Telco,Robert FROGER,9,7369.414444444444,7369.414444444444,Recurring,5531.48,-1837.9344444444441,5531.48,6,Q1
Orange France,Orange - 5GMark Crowdsourcing France 2022,Europe,Platform(R),PO# 00001461,2022010803,1/5/2022,AA01002496,Orange - 5Gmark Crowdsourcing 2022,USD,82905.91,USD,6914.35,USD,82905.91,0.0,Robert FROGER,Closed Won,11/4/2021,Orange France,2022-06-01,Europe,Orange France,Customer,Public Platform,Telco,Robert FROGER,9,9211.767777777779,9211.767777777779,Recurring,6914.35,-2297.4177777777786,6914.35,6,Q1
Orange France,MT CMN Orange - Prestations Juin 2022,Europe,Services(R),PO# 00001795,2022070943,7/4/2022,AA01127395,MT CMN Orange - Prestations Juin 2022,USD,35954.63,USD,35954.63,USD,35954.63,0.0,Sylvain Grateau,Closed Won,6/1/2022,Orange France,2022-06-01,Europe,Orange France,Customer,Public Platform,Telco,Robert FROGER,1,35954.63,35954.63,Recurring,35954.63,0.0,35954.63,6,Q1
Orange France,Accès portail de données Updata 2022,Europe,Platform(R),PO# 00001450,2022060915,6/9/2022,,Updata - Orange - 2022-S2,USD,82905.91,USD,13820.41,USD,82905.91,0.0,Robert FROGER,Closed Won,11/4/2021,Orange France,2022-07-01,Europe,Orange France,Customer,Public Platform,Telco,Robert FROGER,6,13817.651666666667,13817.651666666667,Recurring,13820.41,2.758333333333212,13820.41,7,Q2
Orange France,Orange - Licences 5Gmark Pro x 70 - 2022,Europe,Platform(R),PO# 00001460,2022010801,1/5/2022,,70 licences 5GMARK PRO,USD,66324.73,USD,5524.85,USD,66324.73,0.0,Robert FROGER,Closed Won,12/15/2021,Orange France,2022-07-01,Europe,Orange France,Customer,Public Platform,Telco,Robert FROGER,9,7369.414444444444,7369.414444444444,Recurring,5524.85,-1844.5644444444433,5524.85,7,Q2
Orange France,Orange - 5GMark Crowdsourcing France 2022,Europe,Platform(R),PO# 00001461,2022010803,1/5/2022,AA01002496,Orange - 5Gmark Crowdsourcing 2022,USD,82905.91,USD,6906.06,USD,82905.91,0.0,Robert FROGER,Closed Won,11/4/2021,Orange France,2022-07-01,Europe,Orange France,Customer,Public Platform,Telco,Robert FROGER,9,9211.767777777779,9211.767777777779,Recurring,6906.06,-2305.7077777777786,6906.06,7,Q2
Orange France,MT CMN Orange - Prestations Juillet 2022,Europe,Services(R),PO# 00001828,2022080963,8/18/2022,AA01127395,MT CMN Orange - Prestations Juillet 2022,USD,21750.09,USD,21750.09,USD,21750.09,0.0,Sylvain Grateau,Closed Won,6/20/2022,Orange France,2022-07-01,Europe,Orange France,Customer,Public Platform,Telco,Robert FROGER,1,21750.09,21750.09,Recurring,21750.09,0.0,21750.09,7,Q2
Orange France,Accès portail de données Updata 2022,Europe,Platform(R),PO# 00001450,2022060915,6/9/2022,,Updata - Orange - 2022-S2,USD,82905.91,USD,13820.41,USD,82905.91,0.0,Robert FROGER,Closed Won,11/4/2021,Orange France,2022-08-01,Europe,Orange France,Customer,Public Platform,Telco,Robert FROGER,6,13817.651666666667,13817.651666666667,Recurring,13820.41,2.758333333333212,13820.41,8,Q2
Orange France,Orange - Licences 5Gmark Pro x 70 - 2022,Europe,Platform(R),PO# 00001460,2022010801,1/5/2022,,70 licences 5GMARK PRO,USD,66324.73,USD,5524.85,USD,66324.73,0.0,Robert FROGER,Closed Won,12/15/2021,Orange France,2022-08-01,Europe,Orange France,Customer,Public Platform,Telco,Robert FROGER,9,7369.414444444444,7369.414444444444,Recurring,5524.85,-1844.5644444444433,5524.85,8,Q2
Orange France,Orange - 5GMark Crowdsourcing France 2022,Europe,Platform(R),PO# 00001461,2022010803,1/5/2022,AA01002496,Orange - 5Gmark Crowdsourcing 2022,USD,82905.91,USD,6906.06,USD,82905.91,0.0,Robert FROGER,Closed Won,11/4/2021,Orange France,2022-08-01,Europe,Orange France,Customer,Public Platform,Telco,Robert FROGER,9,9211.767777777779,9211.767777777779,Recurring,6906.06,-2305.7077777777786,6906.06,8,Q2
Orange France,MT CMN Orange - Prestations Août 2022,Europe,Services(R),PO# 00001829,2022090981,9/6/2022,AA01127395,MT CMN Orange - Prestations Août 2022,USD,9456.8,USD,9456.8,USD,9456.8,0.0,Sylvain Grateau,Closed Won,7/25/2022,Orange France,2022-08-01,Europe,Orange France,Customer,Public Platform,Telco,Robert FROGER,1,9456.8,9456.8,Recurring,9456.8,0.0,9456.8,8,Q2
Orange France,Accès portail de données Updata 2022,Europe,Platform(R),PO# 00001450,2022060915,6/9/2022,,Updata - Orange - 2022-S2,USD,82905.91,USD,13812.12,USD,82905.91,0.0,Robert FROGER,Closed Won,11/4/2021,Orange France,2022-09-01,Europe,Orange France,Customer,Public Platform,Telco,Robert FROGER,6,13817.651666666667,13817.651666666667,Recurring,13812.12,-5.531666666665842,13812.12,9,Q2
Orange France,Orange - Licences 5Gmark Pro x 70 - 2022,Europe,Platform(R),PO# 00001460,2022010801,1/5/2022,,70 licences 5GMARK PRO,USD,66324.73,USD,5531.48,USD,66324.73,0.0,Robert FROGER,Closed Won,12/15/2021,Orange France,2022-09-01,Europe,Orange France,Customer,Public Platform,Telco,Robert FROGER,9,7369.414444444444,7369.414444444444,Recurring,5531.48,-1837.9344444444441,5531.48,9,Q2
Orange France,Orange - 5GMark Crowdsourcing France 2022,Europe,Platform(R),PO# 00001461,2022010803,1/5/2022,AA01002496,Orange - 5Gmark Crowdsourcing 2022,USD,82905.91,USD,6914.35,USD,82905.91,0.0,Robert FROGER,Closed Won,11/4/2021,Orange France,2022-09-01,Europe,Orange France,Customer,Public Platform,Telco,Robert FROGER,9,9211.767777777779,9211.767777777779,Recurring,6914.35,-2297.4177777777786,6914.35,9,Q2
Orange France,MT CMN Orange - Prestations Septembre 2022,Europe,Services(R),PO# 00001848,20221001007,10/11/2022,AA01127395,MT CMN Orange - Prestations Septembre 2022,USD,12291.08,USD,12291.08,USD,12291.08,0.0,Sylvain Grateau,Closed Won,9/1/2022,Orange France,2022-09-01,Europe,Orange France,Customer,Public Platform,Telco,Robert FROGER,1,12291.08,12291.08,Recurring,12291.08,0.0,12291.08,9,Q2
Orange France,Accès portail de données Updata 2022,Europe,Platform(R),PO# 00001450,2022060915,6/9/2022,,Updata - Orange - 2022-S2,USD,82905.91,USD,13820.41,USD,82905.91,0.0,Robert FROGER,Closed Won,11/4/2021,Orange France,2022-10-01,Europe,Orange France,Customer,Public Platform,Telco,Robert FROGER,6,13817.651666666667,13817.651666666667,Recurring,13820.41,2.758333333333212,13820.41,10,Q3
Orange France,Orange - Licences 5Gmark Pro x 70 - 2022,Europe,Platform(R),PO# 00001460,2022010801,1/5/2022,,70 licences 5GMARK PRO,USD,66324.73,USD,5524.85,USD,66324.73,0.0,Robert FROGER,Closed Won,12/15/2021,Orange France,2022-10-01,Europe,Orange France,Customer,Public Platform,Telco,Robert FROGER,9,7369.414444444444,7369.414444444444,Recurring,5524.85,-1844.5644444444433,5524.85,10,Q3
Orange France,Orange - 5GMark Crowdsourcing France 2022,Europe,Platform(R),PO# 00001461,2022010803,1/5/2022,AA01002496,Orange - 5Gmark Crowdsourcing 2022,USD,82905.91,USD,6906.06,USD,82905.91,0.0,Robert FROGER,Closed Won,11/4/2021,Orange France,2022-10-01,Europe,Orange France,Customer,Public Platform,Telco,Robert FROGER,9,9211.767777777779,9211.767777777779,Recurring,6906.06,-2305.7077777777786,6906.06,10,Q3
Orange France,MT CMN Orange - Prestations Octobre 2022,Europe,Services(R),PO# 00001865,20221101033,11/15/2022,AA01127395,MT CMN Orange - Prestations Octobre 2022,USD,19005.35,USD,19005.35,USD,19005.35,0.0,Sylvain Grateau,Closed Won,10/1/2022,Orange France,2022-10-01,Europe,Orange France,Customer,Public Platform,Telco,Robert FROGER,1,19005.35,19005.35,Recurring,19005.35,0.0,19005.35,10,Q3
Orange France,Accès portail de données Updata 2022,Europe,Platform(R),PO# 00001450,2022060915,6/9/2022,,Updata - Orange - 2022-S2,USD,82905.91,USD,13820.41,USD,82905.91,0.0,Robert FROGER,Closed Won,11/4/2021,Orange France,2022-11-01,Europe,Orange France,Customer,Public Platform,Telco,Robert FROGER,6,13817.651666666667,13817.651666666667,Recurring,13820.41,2.758333333333212,13820.41,11,Q3
Orange France,Orange - Licences 5Gmark Pro x 70 - 2022,Europe,Platform(R),PO# 00001460,2022010801,1/5/2022,,70 licences 5GMARK PRO,USD,66324.73,USD,5524.85,USD,66324.73,0.0,Robert FROGER,Closed Won,12/15/2021,Orange France,2022-11-01,Europe,Orange France,Customer,Public Platform,Telco,Robert FROGER,9,7369.414444444444,7369.414444444444,Recurring,5524.85,-1844.5644444444433,5524.85,11,Q3
Orange France,Orange - 5GMark Crowdsourcing France 2022,Europe,Platform(R),PO# 00001461,2022010803,1/5/2022,AA01002496,Orange - 5Gmark Crowdsourcing 2022,USD,82905.91,USD,6906.06,USD,82905.91,0.0,Robert FROGER,Closed Won,11/4/2021,Orange France,2022-11-01,Europe,Orange France,Customer,Public Platform,Telco,Robert FROGER,9,9211.767777777779,9211.767777777779,Recurring,6906.06,-2305.7077777777786,6906.06,11,Q3
Orange France,MT CMN Orange - Prestations Novembre 2022,Europe,Services(R),PO# 00001882,20221201054,12/5/2022,AA01127395,MT CMN Orange - Prestations Novembre 2022,USD,25983.82,USD,25983.82,USD,25983.82,0.0,Sylvain Grateau,Closed Won,11/1/2022,Orange France,2022-11-01,Europe,Orange France,Customer,Public Platform,Telco,Robert FROGER,1,25983.82,25983.82,Recurring,25983.82,0.0,25983.82,11,Q3
Orange France,Accès portail de données Updata 2022,Europe,Platform(R),PO# 00001450,2022060915,6/9/2022,,Updata - Orange - 2022-S2,USD,82905.91,USD,13812.12,USD,82905.91,0.0,Robert FROGER,Closed Won,11/4/2021,Orange France,2022-12-01,Europe,Orange France,Customer,Public Platform,Telco,Robert FROGER,6,13817.651666666667,13817.651666666667,Recurring,13812.12,-5.531666666665842,13812.12,12,Q3
Orange France,Orange - Licences 5Gmark Pro x 70 - 2022,Europe,Platform(R),PO# 00001460,2022010801,1/5/2022,,70 licences 5GMARK PRO,USD,66324.73,USD,5531.48,USD,66324.73,0.0,Robert FROGER,Closed Won,12/15/2021,Orange France,2022-12-01,Europe,Orange France,Customer,Public Platform,Telco,Robert FROGER,9,7369.414444444444,7369.414444444444,Recurring,5531.48,-1837.9344444444441,5531.48,12,Q3
Orange France,Orange - 5GMark Crowdsourcing France 2022,Europe,Platform(R),PO# 00001461,2022010803,1/5/2022,AA01002496,Orange - 5Gmark Crowdsourcing 2022,USD,82905.91,USD,6914.35,USD,82905.91,0.0,Robert FROGER,Closed Won,11/4/2021,Orange France,2022-12-01,Europe,Orange France,Customer,Public Platform,Telco,Robert FROGER,9,9211.767777777779,9211.767777777779,Recurring,6914.35,-2297.4177777777786,6914.35,12,Q3
Orange France,MT CMN Orange - Prestations Décembre 2022,Europe,Services(R),PO# 00001883,20221201060,12/14/2022,AA01127395,MT CMN Orange - Prestations Décembre 2022,USD,32573.18,USD,32573.18,USD,32573.18,0.0,Sylvain Grateau,Closed Won,12/1/2022,Orange France,2022-12-01,Europe,Orange France,Customer,Public Platform,Telco,Robert FROGER,1,32573.18,32573.18,Recurring,32573.18,0.0,32573.18,12,Q3
Orange France,Orange CMN Open Order for 2023,Europe,Services(R),PO# 00001560,,,,Mesures 01 2023,,,USD,59692.25,USD,59692.25,0.0,Ali Boudaoud,Negotiation,3/31/2023,Orange France,2023-01-01,Europe,Orange France,Customer,Public Platform,Telco,Robert FROGER,1,0.0,59692.25,Recurring,59692.25,59692.25,59692.25,1,Q4
Orange France,Orange - Licences 5Gmark Pro x 70 - 2023,Europe,,PO# 00001625,,,,Licences 5GMARK PRO pour 2023,,,USD,5524.85,USD,66324.73,0.0,CXO,Negotiation,1/1/2023,Orange France,2023-01-01,Europe,Orange France,Customer,Public Platform,Telco,Robert FROGER,3,0.0,22108.243333333332,Recurring,5524.85,5524.85,5524.85,1,Q4
Orange France,Accès portail de données Updata 2023,Europe,Platform(R),PO# 00001627,20221101042,11/17/2022,AA01167100,Données Updata T1 2023,USD,41452.95,USD,13816.27,USD,41452.95,0.0,Robert FROGER,Closed Won,10/11/2022,Orange France,2023-01-01,Europe,Orange France,Customer,Public Platform,Telco,Robert FROGER,3,13817.65,13817.65,Recurring,13816.27,-1.3799999999991996,13816.27,1,Q4
Orange France,Orange - 5GMark Crowdsourcing France 2023,Europe,Platform(R),PO# 00001637,20221101045,11/17/2022,AA01168102,Données Crowdsourcing T1 2023,USD,20726.48,USD,6908.14,USD,20726.48,0.0,Robert FROGER,Closed Won,10/13/2022,Orange France,2023-01-01,Europe,Orange France,Customer,Public Platform,Telco,Robert FROGER,3,6908.826666666667,6908.826666666667,Recurring,6908.14,-0.6866666666664969,6908.14,1,Q4
Orange France,MT CMN Orange - Prestations Janvier 2023,Europe,Services(R),PO# 00001956,,,AA01127395,MT CMN Orange - Prestations Janvier 2023,,,USD,11054.12,USD,11054.12,0.0,Sylvain Grateau,Closed Won,1/1/2023,Orange France,2023-01-01,Europe,Orange France,Customer,Public Platform,Telco,Robert FROGER,1,0.0,11054.12,Recurring,11054.12,11054.12,11054.12,1,Q4
Orange France,Orange CMN Open Order for 2023,Europe,Services(R),PO# 00001561,,,,Mesures 02 2023,,,USD,59692.25,USD,59692.25,0.0,Ali Boudaoud,Negotiation,3/31/2023,Orange France,2023-02-01,Europe,Orange France,Customer,Public Platform,Telco,Robert FROGER,1,0.0,59692.25,Recurring,59692.25,59692.25,59692.25,2,Q4
Orange France,Orange - Licences 5Gmark Pro x 70 - 2023,Europe,,PO# 00001625,,,,Licences 5GMARK PRO pour 2023,,,USD,5524.85,USD,66324.73,0.0,CXO,Negotiation,1/1/2023,Orange France,2023-02-01,Europe,Orange France,Customer,Public Platform,Telco,Robert FROGER,3,0.0,22108.243333333332,Recurring,5524.85,5524.85,5524.85,2,Q4
Orange France,Accès portail de données Updata 2023,Europe,Platform(R),PO# 00001627,20221101042,11/17/2022,AA01167100,Données Updata T1 2023,USD,41452.95,USD,13816.27,USD,41452.95,0.0,Robert FROGER,Closed Won,10/11/2022,Orange France,2023-02-01,Europe,Orange France,Customer,Public Platform,Telco,Robert FROGER,3,13817.65,13817.65,Recurring,13816.27,-1.3799999999991996,13816.27,2,Q4
Orange France,Orange - 5GMark Crowdsourcing France 2023,Europe,Platform(R),PO# 00001637,20221101045,11/17/2022,AA01168102,Données Crowdsourcing T1 2023,USD,20726.48,USD,6908.14,USD,20726.48,0.0,Robert FROGER,Closed Won,10/13/2022,Orange France,2023-02-01,Europe,Orange France,Customer,Public Platform,Telco,Robert FROGER,3,6908.826666666667,6908.826666666667,Recurring,6908.14,-0.6866666666664969,6908.14,2,Q4
Orange France,MT CMN Orange - Prestations Février 2023,Europe,Services(R),PO# 00002099,,,AA01127395,MT CMN Orange - Prestations Février 2023,,,USD,11054.12,USD,11054.12,0.0,Sylvain Grateau,Closed Won,2/1/2023,Orange France,2023-02-01,Europe,Orange France,Customer,Public Platform,Telco,Robert FROGER,1,0.0,11054.12,Recurring,11054.12,11054.12,11054.12,2,Q4
Orange France,Orange CMN Open Order for 2023,Europe,Services(R),PO# 00001562,,,,Mesures 03 2023,,,USD,59692.25,USD,59692.25,0.0,Ali Boudaoud,Negotiation,3/31/2023,Orange France,2023-03-01,Europe,Orange France,Customer,Public Platform,Telco,Robert FROGER,1,0.0,59692.25,Recurring,59692.25,59692.25,59692.25,3,Q4
Orange France,Orange - Licences 5Gmark Pro x 70 - 2023,Europe,,PO# 00001625,,,,Licences 5GMARK PRO pour 2023,,,USD,5524.85,USD,66324.73,0.0,CXO,Negotiation,1/1/2023,Orange France,2023-03-01,Europe,Orange France,Customer,Public Platform,Telco,Robert FROGER,3,0.0,22108.243333333332,Recurring,5524.85,5524.85,5524.85,3,Q4
Orange France,Accès portail de données Updata 2023,Europe,Platform(R),PO# 00001627,20221101042,11/17/2022,AA01167100,Données Updata T1 2023,USD,41452.95,USD,13820.41,USD,41452.95,0.0,Robert FROGER,Closed Won,10/11/2022,Orange France,2023-03-01,Europe,Orange France,Customer,Public Platform,Telco,Robert FROGER,3,13817.65,13817.65,Recurring,13820.41,2.7600000000002183,13820.41,3,Q4
Orange France,Orange - 5GMark Crowdsourcing France 2023,Europe,Platform(R),PO# 00001637,20221101045,11/17/2022,AA01168102,Données Crowdsourcing T1 2023,USD,20726.48,USD,6910.21,USD,20726.48,0.0,Robert FROGER,Closed Won,10/13/2022,Orange France,2023-03-01,Europe,Orange France,Customer,Public Platform,Telco,Robert FROGER,3,6908.826666666667,6908.826666666667,Recurring,6910.21,1.383333333333212,6910.21,3,Q4
PhonePe,PhonePe,India,Platform(R),PO# 00001684,,,,,,,USD,9163.0,USD,110000.0,0.0,Perdiep Jankie,Verbal,2/15/2023,PhonePe,2023-02-01,India,PhonePe,,Application Platform,BFSI,CXO,2,0.0,55000.0,Recurring,9163.0,9163.0,9163.0,2,Q4
PhonePe,PhonePe,India,Platform(R),PO# 00001684,,,,,,,USD,9163.0,USD,110000.0,0.0,Perdiep Jankie,Verbal,2/15/2023,PhonePe,2023-03-01,India,PhonePe,,Application Platform,BFSI,CXO,2,0.0,55000.0,Recurring,9163.0,9163.0,9163.0,3,Q4
Région Bourgogne Franche-Comté,Région Bourgogne Franche-Comté - White Label 2020-2022,Europe,Platform(R),PO# 00000508,2020120414,12/24/2020,E34863,5Gmark White Label - TADUREZO - 2 ans - oct-2020/sept-2022,USD,45985.14,USD,1917.58,USD,45985.14,0.0,Robert FROGER,Closed Won,6/30/2020,Région Bourgogne Franche-Comté,2022-04-01,Europe,Région Bourgogne Franche-Comté,Prospect,Public Platform,Smart Cities / Territories,Robert FROGER,6,7664.19,7664.19,Recurring,1917.58,-5746.61,1917.58,4,Q1
Région Bourgogne Franche-Comté,Région Bourgogne Franche-Comté - White Label 2020-2022,Europe,Platform(R),PO# 00000508,2020120414,12/24/2020,E34863,5Gmark White Label - TADUREZO - 2 ans - oct-2020/sept-2022,USD,45985.14,USD,1917.58,USD,45985.14,0.0,Robert FROGER,Closed Won,6/30/2020,Région Bourgogne Franche-Comté,2022-05-01,Europe,Région Bourgogne Franche-Comté,Prospect,Public Platform,Smart Cities / Territories,Robert FROGER,6,7664.19,7664.19,Recurring,1917.58,-5746.61,1917.58,5,Q1
Région Bourgogne Franche-Comté,Région Bourgogne Franche-Comté - White Label 2020-2022,Europe,Platform(R),PO# 00000508,2020120414,12/24/2020,E34863,5Gmark White Label - TADUREZO - 2 ans - oct-2020/sept-2022,USD,45985.14,USD,1912.98,USD,45985.14,0.0,Robert FROGER,Closed Won,6/30/2020,Région Bourgogne Franche-Comté,2022-06-01,Europe,Région Bourgogne Franche-Comté,Prospect,Public Platform,Smart Cities / Territories,Robert FROGER,6,7664.19,7664.19,Recurring,1912.98,-5751.209999999999,1912.98,6,Q1
Région Bourgogne Franche-Comté,Région Bourgogne Franche-Comté - White Label 2020-2022,Europe,Platform(R),PO# 00000508,2020120414,12/24/2020,E34863,5Gmark White Label - TADUREZO - 2 ans - oct-2020/sept-2022,USD,45985.14,USD,1917.58,USD,45985.14,0.0,Robert FROGER,Closed Won,6/30/2020,Région Bourgogne Franche-Comté,2022-07-01,Europe,Région Bourgogne Franche-Comté,Prospect,Public Platform,Smart Cities / Territories,Robert FROGER,6,7664.19,7664.19,Recurring,1917.58,-5746.61,1917.58,7,Q2
Région Bourgogne Franche-Comté,Région Bourgogne Franche-Comté - White Label 2020-2022,Europe,Platform(R),PO# 00000508,2020120414,12/24/2020,E34863,5Gmark White Label - TADUREZO - 2 ans - oct-2020/sept-2022,USD,45985.14,USD,1917.58,USD,45985.14,0.0,Robert FROGER,Closed Won,6/30/2020,Région Bourgogne Franche-Comté,2022-08-01,Europe,Région Bourgogne Franche-Comté,Prospect,Public Platform,Smart Cities / Territories,Robert FROGER,6,7664.19,7664.19,Recurring,1917.58,-5746.61,1917.58,8,Q2
Région Bourgogne Franche-Comté,Région Bourgogne Franche-Comté - White Label 2020-2022,Europe,Platform(R),PO# 00000508,2020120414,12/24/2020,E34863,5Gmark White Label - TADUREZO - 2 ans - oct-2020/sept-2022,USD,45985.14,USD,1912.98,USD,45985.14,0.0,Robert FROGER,Closed Won,6/30/2020,Région Bourgogne Franche-Comté,2022-09-01,Europe,Région Bourgogne Franche-Comté,Prospect,Public Platform,Smart Cities / Territories,Robert FROGER,6,7664.19,7664.19,Recurring,1912.98,-5751.209999999999,1912.98,9,Q2
Région Bourgogne-Franche-Comté,Région Bourgogne Franche-Comté - kits + Surveys,Europe,Platform(R),PO# 00000131,2020090330,9/30/2020,200727,12 kits + Portal,USD,266815.22,USD,9018.35,USD,266815.22,0.0,Sales-EMEA,Closed Won,6/30/2020,Région Bourgogne-Franche-Comté,2022-04-01,Europe,Région Bourgogne-Franche-Comté,Prospect,Public Platform,Smart Cities / Territories,Sales-EMEA,5,53363.043999999994,53363.043999999994,Recurring,9018.35,-44344.693999999996,9018.35,4,Q1
Région Bourgogne-Franche-Comté,Région Bourgogne Franche-Comté - kits + Surveys,Europe,Platform(R),PO# 00000131,2020090330,9/30/2020,200727,12 kits + Portal,USD,266815.22,USD,9018.35,USD,266815.22,0.0,Sales-EMEA,Closed Won,6/30/2020,Région Bourgogne-Franche-Comté,2022-05-01,Europe,Région Bourgogne-Franche-Comté,Prospect,Public Platform,Smart Cities / Territories,Sales-EMEA,5,53363.043999999994,53363.043999999994,Recurring,9018.35,-44344.693999999996,9018.35,5,Q1
Région Bourgogne-Franche-Comté,Région Bourgogne Franche-Comté - kits + Surveys,Europe,Platform(R),PO# 00000131,2020090330,9/30/2020,200727,12 kits + Portal,USD,266815.22,USD,9018.35,USD,266815.22,0.0,Sales-EMEA,Closed Won,6/30/2020,Région Bourgogne-Franche-Comté,2022-06-01,Europe,Région Bourgogne-Franche-Comté,Prospect,Public Platform,Smart Cities / Territories,Sales-EMEA,5,53363.043999999994,53363.043999999994,Recurring,9018.35,-44344.693999999996,9018.35,6,Q1
Région Bourgogne-Franche-Comté,Région Bourgogne Franche-Comté - kits + Surveys,Europe,Platform(R),PO# 00000131,2020090330,9/30/2020,200727,12 kits + Portal,USD,266815.22,USD,9018.35,USD,266815.22,0.0,Sales-EMEA,Closed Won,6/30/2020,Région Bourgogne-Franche-Comté,2022-07-01,Europe,Région Bourgogne-Franche-Comté,Prospect,Public Platform,Smart Cities / Territories,Sales-EMEA,5,53363.043999999994,53363.043999999994,Recurring,9018.35,-44344.693999999996,9018.35,7,Q2
Région Bourgogne-Franche-Comté,BFC - 1-yr extension of TADUREZO App,Europe,Platform(R),PO# 00001624,20230101084,1/20/2023,,Maintenance TADUREZO 2022/2023,USD,44216.48,USD,3683.23,USD,44216.48,0.0,Robert FROGER,Closed Won,5/25/2022,Région Bourgogne-Franche-Comté,2022-07-01,Europe,Région Bourgogne-Franche-Comté,Prospect,Public Platform,Smart Cities / Territories,Sales-EMEA,9,4912.942222222223,4912.942222222223,Recurring,3683.23,-1229.7122222222229,3683.23,7,Q2
Région Bourgogne-Franche-Comté,Région Bourgogne Franche-Comté - kits + Surveys,Europe,Platform(R),PO# 00000131,2020090330,9/30/2020,200727,12 kits + Portal,USD,266815.22,USD,9045.03,USD,266815.22,0.0,Sales-EMEA,Closed Won,6/30/2020,Région Bourgogne-Franche-Comté,2022-08-01,Europe,Région Bourgogne-Franche-Comté,Prospect,Public Platform,Smart Cities / Territories,Sales-EMEA,5,53363.043999999994,53363.043999999994,Recurring,9045.03,-44318.013999999996,9045.03,8,Q2
Région Bourgogne-Franche-Comté,BFC - 1-yr extension of TADUREZO App,Europe,Platform(R),PO# 00001624,20230101084,1/20/2023,,Maintenance TADUREZO 2022/2023,USD,44216.48,USD,3683.23,USD,44216.48,0.0,Robert FROGER,Closed Won,5/25/2022,Région Bourgogne-Franche-Comté,2022-08-01,Europe,Région Bourgogne-Franche-Comté,Prospect,Public Platform,Smart Cities / Territories,Sales-EMEA,9,4912.942222222223,4912.942222222223,Recurring,3683.23,-1229.7122222222229,3683.23,8,Q2
Région Bourgogne-Franche-Comté,BFC - 1-yr extension of TADUREZO App,Europe,Platform(R),PO# 00001624,20230101084,1/20/2023,,Maintenance TADUREZO 2022/2023,USD,44216.48,USD,3687.65,USD,44216.48,0.0,Robert FROGER,Closed Won,5/25/2022,Région Bourgogne-Franche-Comté,2022-09-01,Europe,Région Bourgogne-Franche-Comté,Prospect,Public Platform,Smart Cities / Territories,Sales-EMEA,9,4912.942222222223,4912.942222222223,Recurring,3687.65,-1225.2922222222228,3687.65,9,Q2
Région Bourgogne-Franche-Comté,BFC - 1-yr extension of MAG-M & 8 kits + Rail Data,Europe,,PO# 00001811,2022060908,6/2/2022,,Upgrade plateforme MAG-M + données ferroviaires,USD,49743.54,USD,49743.54,USD,49743.54,0.0,Robert FROGER,Closed Won,5/25/2022,Région Bourgogne-Franche-Comté,2022-09-01,Europe,Région Bourgogne-Franche-Comté,Prospect,Public Platform,Smart Cities / Territories,Sales-EMEA,1,49743.54,49743.54,Recurring,49743.54,0.0,49743.54,9,Q2
Région Bourgogne-Franche-Comté,BFC - 1-yr extension of TADUREZO App,Europe,Platform(R),PO# 00001624,20230101084,1/20/2023,,Maintenance TADUREZO 2022/2023,USD,44216.48,USD,3683.23,USD,44216.48,0.0,Robert FROGER,Closed Won,5/25/2022,Région Bourgogne-Franche-Comté,2022-10-01,Europe,Région Bourgogne-Franche-Comté,Prospect,Public Platform,Smart Cities / Territories,Sales-EMEA,9,4912.942222222223,4912.942222222223,Recurring,3683.23,-1229.7122222222229,3683.23,10,Q3
Région Bourgogne-Franche-Comté,BFC - 1-yr extension of TADUREZO App,Europe,Platform(R),PO# 00001624,20230101084,1/20/2023,,Maintenance TADUREZO 2022/2023,USD,44216.48,USD,3683.23,USD,44216.48,0.0,Robert FROGER,Closed Won,5/25/2022,Région Bourgogne-Franche-Comté,2022-11-01,Europe,Région Bourgogne-Franche-Comté,Prospect,Public Platform,Smart Cities / Territories,Sales-EMEA,9,4912.942222222223,4912.942222222223,Recurring,3683.23,-1229.7122222222229,3683.23,11,Q3
Région Bourgogne-Franche-Comté,BFC - 1-yr extension of TADUREZO App,Europe,Platform(R),PO# 00001624,20230101084,1/20/2023,,Maintenance TADUREZO 2022/2023,USD,44216.48,USD,3687.65,USD,44216.48,0.0,Robert FROGER,Closed Won,5/25/2022,Région Bourgogne-Franche-Comté,2022-12-01,Europe,Région Bourgogne-Franche-Comté,Prospect,Public Platform,Smart Cities / Territories,Sales-EMEA,9,4912.942222222223,4912.942222222223,Recurring,3687.65,-1225.2922222222228,3687.65,12,Q3
Région Bourgogne-Franche-Comté,BFC - 1-yr extension of TADUREZO App,Europe,Platform(R),PO# 00001624,20230101084,1/20/2023,,Maintenance TADUREZO 2022/2023,USD,44216.48,USD,3683.23,USD,44216.48,0.0,Robert FROGER,Closed Won,5/25/2022,Région Bourgogne-Franche-Comté,2023-01-01,Europe,Région Bourgogne-Franche-Comté,Prospect,Public Platform,Smart Cities / Territories,Sales-EMEA,9,4912.942222222223,4912.942222222223,Recurring,3683.23,-1229.7122222222229,3683.23,1,Q4
Région Bourgogne-Franche-Comté,BFC - 1-yr extension of MAG-M & 8 kits + Rail Data,Europe,Platform(R),PO# 00002095,20230101085,1/20/2023,,,USD,30951.54,USD,3868.94,USD,30951.54,0.0,Robert FROGER,Closed Won,5/25/2022,Région Bourgogne-Franche-Comté,2023-01-01,Europe,Région Bourgogne-Franche-Comté,Prospect,Public Platform,Smart Cities / Territories,Sales-EMEA,3,10317.18,10317.18,Recurring,3868.94,-6448.24,3868.94,1,Q4
Région Bourgogne-Franche-Comté,BFC - 1-yr extension of TADUREZO App,Europe,Platform(R),PO# 00001624,20230101084,1/20/2023,,Maintenance TADUREZO 2022/2023,USD,44216.48,USD,3683.23,USD,44216.48,0.0,Robert FROGER,Closed Won,5/25/2022,Région Bourgogne-Franche-Comté,2023-02-01,Europe,Région Bourgogne-Franche-Comté,Prospect,Public Platform,Smart Cities / Territories,Sales-EMEA,9,4912.942222222223,4912.942222222223,Recurring,3683.23,-1229.7122222222229,3683.23,2,Q4
Région Bourgogne-Franche-Comté,BFC - 1-yr extension of MAG-M & 8 kits + Rail Data,Europe,Platform(R),PO# 00002095,20230101085,1/20/2023,,,USD,30951.54,USD,3868.94,USD,30951.54,0.0,Robert FROGER,Closed Won,5/25/2022,Région Bourgogne-Franche-Comté,2023-02-01,Europe,Région Bourgogne-Franche-Comté,Prospect,Public Platform,Smart Cities / Territories,Sales-EMEA,3,10317.18,10317.18,Recurring,3868.94,-6448.24,3868.94,2,Q4
Région Bourgogne-Franche-Comté,BFC - 1-yr extension of TADUREZO App,Europe,Platform(R),PO# 00001624,20230101084,1/20/2023,,Maintenance TADUREZO 2022/2023,USD,44216.48,USD,3687.65,USD,44216.48,0.0,Robert FROGER,Closed Won,5/25/2022,Région Bourgogne-Franche-Comté,2023-03-01,Europe,Région Bourgogne-Franche-Comté,Prospect,Public Platform,Smart Cities / Territories,Sales-EMEA,9,4912.942222222223,4912.942222222223,Recurring,3687.65,-1225.2922222222228,3687.65,3,Q4
Région Bourgogne-Franche-Comté,BFC - 1-yr extension of MAG-M & 8 kits + Rail Data,Europe,Platform(R),PO# 00002095,20230101085,1/20/2023,,,USD,30951.54,USD,3868.94,USD,30951.54,0.0,Robert FROGER,Closed Won,5/25/2022,Région Bourgogne-Franche-Comté,2023-03-01,Europe,Région Bourgogne-Franche-Comté,Prospect,Public Platform,Smart Cities / Territories,Sales-EMEA,3,10317.18,10317.18,Recurring,3868.94,-6448.24,3868.94,3,Q4
SFR,SFR T2-2022 LOT 4 MESURES 4G5G,Europe,Services(R),PO# 00001526,2022070948,7/12/2022,4700427648,,USD,51932.26,USD,17309.02,USD,51932.26,0.0,Ali Boudaoud,Closed Won,4/1/2022,SFR,2022-04-01,Europe,SFR,Customer,Public Platform,Telco,Sales-EMEA,3,17310.753333333334,17310.753333333334,Recurring,17309.02,-1.7333333333335759,17309.02,4,Q1
SFR,SFR T2-2022 LOT 4 OUTILS 4G5G,Europe,Services(R),PO# 00001537,2022070947,7/12/2022,4700424934,,USD,18819.64,USD,6272.58,USD,18819.64,0.0,Ali Boudaoud,Closed Won,4/1/2022,SFR,2022-04-01,Europe,SFR,Customer,Public Platform,Telco,Sales-EMEA,3,6273.213333333333,6273.213333333333,Recurring,6272.58,-0.6333333333332121,6272.58,4,Q1
SFR,SFR T2-2022 LOT 4 MESURES 4G5G,Europe,Services(R),PO# 00001526,2022070948,7/12/2022,4700427648,,USD,51932.26,USD,17309.02,USD,51932.26,0.0,Ali Boudaoud,Closed Won,4/1/2022,SFR,2022-05-01,Europe,SFR,Customer,Public Platform,Telco,Sales-EMEA,3,17310.753333333334,17310.753333333334,Recurring,17309.02,-1.7333333333335759,17309.02,5,Q1
SFR,SFR T2-2022 LOT 4 OUTILS 4G5G,Europe,Services(R),PO# 00001537,2022070947,7/12/2022,4700424934,,USD,18819.64,USD,6272.58,USD,18819.64,0.0,Ali Boudaoud,Closed Won,4/1/2022,SFR,2022-05-01,Europe,SFR,Customer,Public Platform,Telco,Sales-EMEA,3,6273.213333333333,6273.213333333333,Recurring,6272.58,-0.6333333333332121,6272.58,5,Q1
SFR,Mesures Web Browsing Rennes,Europe,Services(R),PO# 00001796,2022060916,6/13/2022,4700435797,,USD,4510.08,USD,4510.08,USD,4510.08,0.0,Ali Boudaoud,Closed Won,5/12/2022,SFR,2022-05-01,Europe,SFR,Customer,Public Platform,Telco,Sales-EMEA,1,4510.08,4510.08,Recurring,4510.08,0.0,4510.08,5,Q1
SFR,SFR T2-2022 LOT 4 MESURES 4G5G,Europe,Services(R),PO# 00001526,2022070948,7/12/2022,4700427648,,USD,51932.26,USD,17314.21,USD,51932.26,0.0,Ali Boudaoud,Closed Won,4/1/2022,SFR,2022-06-01,Europe,SFR,Customer,Public Platform,Telco,Sales-EMEA,3,17310.753333333334,17310.753333333334,Recurring,17314.21,3.4566666666651145,17314.21,6,Q1
SFR,SFR T2-2022 LOT 4 OUTILS 4G5G,Europe,Services(R),PO# 00001537,2022070947,7/12/2022,4700424934,,USD,18819.64,USD,6274.47,USD,18819.64,0.0,Ali Boudaoud,Closed Won,4/1/2022,SFR,2022-06-01,Europe,SFR,Customer,Public Platform,Telco,Sales-EMEA,3,6273.213333333333,6273.213333333333,Recurring,6274.47,1.2566666666671154,6274.47,6,Q1
SFR,SFR T3-2022 LOT 4 MESURES 4G5G,Europe,Services(R),PO# 00001527,202210001012,10/13/2022,4700444361,,USD,51932.26,USD,17309.02,USD,51932.26,0.0,Ali Boudaoud,Closed Won,7/4/2022,SFR,2022-07-01,Europe,SFR,Customer,Public Platform,Telco,Sales-EMEA,3,17310.753333333334,17310.753333333334,Recurring,17309.02,-1.7333333333335759,17309.02,7,Q2
SFR,SFR T3-2022 LOT 4 OUTILS 4G5G,Europe,Services(R),PO# 00001538,20221001013,10/13/2022,4700440727,,USD,18819.64,USD,6272.58,USD,18819.64,0.0,Ali Boudaoud,Closed Won,7/1/2022,SFR,2022-07-01,Europe,SFR,Customer,Public Platform,Telco,Sales-EMEA,3,6273.213333333333,6273.213333333333,Recurring,6272.58,-0.6333333333332121,6272.58,7,Q2
SFR,SFR T3-2022 LOT 4 MESURES 4G5G,Europe,Services(R),PO# 00001527,202210001012,10/13/2022,4700444361,,USD,51932.26,USD,17309.02,USD,51932.26,0.0,Ali Boudaoud,Closed Won,7/4/2022,SFR,2022-08-01,Europe,SFR,Customer,Public Platform,Telco,Sales-EMEA,3,17310.753333333334,17310.753333333334,Recurring,17309.02,-1.7333333333335759,17309.02,8,Q2
SFR,SFR T3-2022 LOT 4 OUTILS 4G5G,Europe,Services(R),PO# 00001538,20221001013,10/13/2022,4700440727,,USD,18819.64,USD,6272.58,USD,18819.64,0.0,Ali Boudaoud,Closed Won,7/1/2022,SFR,2022-08-01,Europe,SFR,Customer,Public Platform,Telco,Sales-EMEA,3,6273.213333333333,6273.213333333333,Recurring,6272.58,-0.6333333333332121,6272.58,8,Q2
SFR,SFR T3-2022 LOT 4 MESURES 4G5G,Europe,Services(R),PO# 00001527,202210001012,10/13/2022,4700444361,,USD,51932.26,USD,17314.21,USD,51932.26,0.0,Ali Boudaoud,Closed Won,7/4/2022,SFR,2022-09-01,Europe,SFR,Customer,Public Platform,Telco,Sales-EMEA,3,17310.753333333334,17310.753333333334,Recurring,17314.21,3.4566666666651145,17314.21,9,Q2
SFR,SFR T3-2022 LOT 4 OUTILS 4G5G,Europe,Services(R),PO# 00001538,20221001013,10/13/2022,4700440727,,USD,18819.64,USD,6274.47,USD,18819.64,0.0,Ali Boudaoud,Closed Won,7/1/2022,SFR,2022-09-01,Europe,SFR,Customer,Public Platform,Telco,Sales-EMEA,3,6273.213333333333,6273.213333333333,Recurring,6274.47,1.2566666666671154,6274.47,9,Q2
SFR,SFR T4-2022 LOT 4 MESURES 4G5G,Europe,Services(R),PO# 00001529,20221201071,12/29/2022,4700455178,,USD,51932.26,USD,17309.02,USD,51932.26,0.0,Ali Boudaoud,Closed Won,10/1/2022,SFR,2022-10-01,Europe,SFR,Customer,Public Platform,Telco,Sales-EMEA,3,17310.753333333334,17310.753333333334,Recurring,17309.02,-1.7333333333335759,17309.02,10,Q3
SFR,SFR T4-2022 LOT 4 OUTILS 4G5G,Europe,Services(R),PO# 00001539,20221201070,12/27/2022,4700454330,,USD,18819.64,USD,6272.58,USD,18819.64,0.0,Ali Boudaoud,Closed Won,10/1/2022,SFR,2022-10-01,Europe,SFR,Customer,Public Platform,Telco,Sales-EMEA,3,6273.213333333333,6273.213333333333,Recurring,6272.58,-0.6333333333332121,6272.58,10,Q3
SFR,SFR T4-2022 LOT 4 MESURES 4G5G,Europe,Services(R),PO# 00001529,20221201071,12/29/2022,4700455178,,USD,51932.26,USD,17309.02,USD,51932.26,0.0,Ali Boudaoud,Closed Won,10/1/2022,SFR,2022-11-01,Europe,SFR,Customer,Public Platform,Telco,Sales-EMEA,3,17310.753333333334,17310.753333333334,Recurring,17309.02,-1.7333333333335759,17309.02,11,Q3
SFR,SFR T4-2022 LOT 4 OUTILS 4G5G,Europe,Services(R),PO# 00001539,20221201070,12/27/2022,4700454330,,USD,18819.64,USD,6272.58,USD,18819.64,0.0,Ali Boudaoud,Closed Won,10/1/2022,SFR,2022-11-01,Europe,SFR,Customer,Public Platform,Telco,Sales-EMEA,3,6273.213333333333,6273.213333333333,Recurring,6272.58,-0.6333333333332121,6272.58,11,Q3
SFR,SFR T4-2022 LOT 4 MESURES 4G5G,Europe,Services(R),PO# 00001529,20221201071,12/29/2022,4700455178,,USD,51932.26,USD,17314.21,USD,51932.26,0.0,Ali Boudaoud,Closed Won,10/1/2022,SFR,2022-12-01,Europe,SFR,Customer,Public Platform,Telco,Sales-EMEA,3,17310.753333333334,17310.753333333334,Recurring,17314.21,3.4566666666651145,17314.21,12,Q3
SFR,SFR T4-2022 LOT 4 OUTILS 4G5G,Europe,Services(R),PO# 00001539,20221201070,12/27/2022,4700454330,,USD,18819.64,USD,6274.47,USD,18819.64,0.0,Ali Boudaoud,Closed Won,10/1/2022,SFR,2022-12-01,Europe,SFR,Customer,Public Platform,Telco,Sales-EMEA,3,6273.213333333333,6273.213333333333,Recurring,6274.47,1.2566666666671154,6274.47,12,Q3
SFR,SFR BENCH OUTILS XCAL vs NEMO,Europe,Services(R),PO# 00002072,,,4700467023,,,,USD,8371.84,USD,9302.04,0.0,Ali Boudaoud,Closed Won,12/20/2022,SFR,2022-12-01,Europe,SFR,Customer,Public Platform,Telco,Sales-EMEA,2,0.0,4651.02,Recurring,8371.84,8371.84,8371.84,12,Q3
SFR,SFR T1-2023 LOT 4 MESURES 4G5G,Europe,Services(R),PO# 00001532,,,4700470695,,,,USD,17309.02,USD,51932.26,0.0,Ali Boudaoud,Closed Won,1/1/2023,SFR,2023-01-01,Europe,SFR,Customer,Public Platform,Telco,Sales-EMEA,3,0.0,17310.753333333334,Recurring,17309.02,17309.02,17309.02,1,Q4
SFR,SFR T1-2023 LOT 4 OUTILS 4G5G,Europe,Services(R),PO# 00001540,,,,,,,USD,6398.68,USD,18819.64,0.0,Ali Boudaoud,Closed Won,1/3/2023,SFR,2023-01-01,Europe,SFR,Customer,Public Platform,Telco,Sales-EMEA,3,0.0,6273.213333333333,Recurring,6398.68,6398.68,6398.68,1,Q4
SFR,SFR T1-2023 CAMPAGNES SPECIFIQUES 5G,Europe,,PO# 00001551,,,,,,,USD,1105.3,USD,3316.24,0.0,Ali Boudaoud,Negotiation,1/1/2023,SFR,2023-01-01,Europe,SFR,Customer,Public Platform,Telco,Sales-EMEA,3,0.0,1105.4133333333332,Recurring,1105.3,1105.3,1105.3,1,Q4
SFR,SFR BENCH OUTILS XCAL vs NEMO,Europe,Services(R),PO# 00002072,,,4700467023,,,,USD,930.2,USD,9302.04,0.0,Ali Boudaoud,Closed Won,12/20/2022,SFR,2023-01-01,Europe,SFR,Customer,Public Platform,Telco,Sales-EMEA,2,0.0,4651.02,Recurring,930.2,930.2,930.2,1,Q4
SFR,SFR T1-2023 LOT 4 MESURES 4G5G,Europe,Services(R),PO# 00001532,,,4700470695,,,,USD,17309.02,USD,51932.26,0.0,Ali Boudaoud,Closed Won,1/1/2023,SFR,2023-02-01,Europe,SFR,Customer,Public Platform,Telco,Sales-EMEA,3,0.0,17310.753333333334,Recurring,17309.02,17309.02,17309.02,2,Q4
SFR,SFR T1-2023 LOT 4 OUTILS 4G5G,Europe,Services(R),PO# 00001540,,,,,,,USD,6210.48,USD,18819.64,0.0,Ali Boudaoud,Closed Won,1/3/2023,SFR,2023-02-01,Europe,SFR,Customer,Public Platform,Telco,Sales-EMEA,3,0.0,6273.213333333333,Recurring,6210.48,6210.48,6210.48,2,Q4
SFR,SFR T1-2023 CAMPAGNES SPECIFIQUES 5G,Europe,,PO# 00001551,,,,,,,USD,1105.63,USD,3316.24,0.0,Ali Boudaoud,Negotiation,1/1/2023,SFR,2023-02-01,Europe,SFR,Customer,Public Platform,Telco,Sales-EMEA,3,0.0,1105.4133333333332,Recurring,1105.63,1105.63,1105.63,2,Q4
SFR,SFR T1-2023 LOT 4 MESURES 4G5G,Europe,Services(R),PO# 00001532,,,4700470695,,,,USD,17314.21,USD,51932.26,0.0,Ali Boudaoud,Closed Won,1/1/2023,SFR,2023-03-01,Europe,SFR,Customer,Public Platform,Telco,Sales-EMEA,3,0.0,17310.753333333334,Recurring,17314.21,17314.21,17314.21,3,Q4
SFR,SFR T1-2023 LOT 4 OUTILS 4G5G,Europe,Services(R),PO# 00001540,,,,,,,USD,6210.48,USD,18819.64,0.0,Ali Boudaoud,Closed Won,1/3/2023,SFR,2023-03-01,Europe,SFR,Customer,Public Platform,Telco,Sales-EMEA,3,0.0,6273.213333333333,Recurring,6210.48,6210.48,6210.48,3,Q4
SFR,SFR T1-2023 CAMPAGNES SPECIFIQUES 5G,Europe,,PO# 00001551,,,,,,,USD,1105.3,USD,3316.24,0.0,Ali Boudaoud,Negotiation,1/1/2023,SFR,2023-03-01,Europe,SFR,Customer,Public Platform,Telco,Sales-EMEA,3,0.0,1105.4133333333332,Recurring,1105.3,1105.3,1105.3,3,Q4
SingTel,SG CAS - MBS Maintenance - Singtel 2022,Other APAC,Services(R),PO# 00002044,,,,,USD,40418.94,USD,3366.9,USD,40418.94,0.0,CXO,Closed Won,1/1/2022,SingTel,2022-04-01,Other APAC,SingTel,Other,Private Platform,Telco,Saravanan Manickam,9,4490.993333333334,4490.993333333334,Recurring,3366.9,-1124.0933333333337,3366.9,4,Q1
SingTel,SG CAS - MBS Maintenance - Singtel 2022,Other APAC,Services(R),PO# 00002044,,,,,USD,40418.94,USD,3366.9,USD,40418.94,0.0,CXO,Closed Won,1/1/2022,SingTel,2022-05-01,Other APAC,SingTel,Other,Private Platform,Telco,Saravanan Manickam,9,4490.993333333334,4490.993333333334,Recurring,3366.9,-1124.0933333333337,3366.9,5,Q1
SingTel,SG CAS - MBS Maintenance - Singtel 2022,Other APAC,Services(R),PO# 00002044,,,,,USD,40418.94,USD,3366.9,USD,40418.94,0.0,CXO,Closed Won,1/1/2022,SingTel,2022-06-01,Other APAC,SingTel,Other,Private Platform,Telco,Saravanan Manickam,9,4490.993333333334,4490.993333333334,Recurring,3366.9,-1124.0933333333337,3366.9,6,Q1
SingTel,SG CAS - MBS Maintenance - Singtel 2022,Other APAC,Services(R),PO# 00002044,,,,,USD,40418.94,USD,3366.9,USD,40418.94,0.0,CXO,Closed Won,1/1/2022,SingTel,2022-07-01,Other APAC,SingTel,Other,Private Platform,Telco,Saravanan Manickam,9,4490.993333333334,4490.993333333334,Recurring,3366.9,-1124.0933333333337,3366.9,7,Q2
SingTel,SG CAS - MBS Maintenance - Singtel 2022,Other APAC,Services(R),PO# 00002044,,,,,USD,40418.94,USD,3366.9,USD,40418.94,0.0,CXO,Closed Won,1/1/2022,SingTel,2022-08-01,Other APAC,SingTel,Other,Private Platform,Telco,Saravanan Manickam,9,4490.993333333334,4490.993333333334,Recurring,3366.9,-1124.0933333333337,3366.9,8,Q2
SingTel,SG CAS - MBS Maintenance - Singtel 2022,Other APAC,Services(R),PO# 00002044,,,,,USD,40418.94,USD,3366.9,USD,40418.94,0.0,CXO,Closed Won,1/1/2022,SingTel,2022-09-01,Other APAC,SingTel,Other,Private Platform,Telco,Saravanan Manickam,9,4490.993333333334,4490.993333333334,Recurring,3366.9,-1124.0933333333337,3366.9,9,Q2
SingTel,SG CAS - MBS Maintenance - Singtel 2022,Other APAC,Services(R),PO# 00002044,,,,,USD,40418.94,USD,3366.9,USD,40418.94,0.0,CXO,Closed Won,1/1/2022,SingTel,2022-10-01,Other APAC,SingTel,Other,Private Platform,Telco,Saravanan Manickam,9,4490.993333333334,4490.993333333334,Recurring,3366.9,-1124.0933333333337,3366.9,10,Q3
SingTel,SG CAS - MBS Maintenance - Singtel 2022,Other APAC,Services(R),PO# 00002044,,,,,USD,40418.94,USD,3366.9,USD,40418.94,0.0,CXO,Closed Won,1/1/2022,SingTel,2022-11-01,Other APAC,SingTel,Other,Private Platform,Telco,Saravanan Manickam,9,4490.993333333334,4490.993333333334,Recurring,3366.9,-1124.0933333333337,3366.9,11,Q3
SingTel,SG CAS - MBS Maintenance - Singtel 2022,Other APAC,Services(R),PO# 00002044,,,,,USD,40418.94,USD,3366.9,USD,40418.94,0.0,CXO,Closed Won,1/1/2022,SingTel,2022-12-01,Other APAC,SingTel,Other,Private Platform,Telco,Saravanan Manickam,9,4490.993333333334,4490.993333333334,Recurring,3366.9,-1124.0933333333337,3366.9,12,Q3
SingTel,SG CAS - MBS Maintenance - Singtel 2023,Other APAC,Services(R),PO# 00002045,,,,,,,USD,3366.9,USD,40418.94,0.0,CXO,Verbal,1/2/2023,SingTel,2023-01-01,Other APAC,SingTel,Other,Private Platform,Telco,Saravanan Manickam,3,0.0,13472.980000000001,Recurring,3366.9,3366.9,3366.9,1,Q4
SingTel,SG CAS - MBS Maintenance - Singtel 2023,Other APAC,Services(R),PO# 00002045,,,,,,,USD,3366.9,USD,40418.94,0.0,CXO,Verbal,1/2/2023,SingTel,2023-02-01,Other APAC,SingTel,Other,Private Platform,Telco,Saravanan Manickam,3,0.0,13472.980000000001,Recurring,3366.9,3366.9,3366.9,2,Q4
SingTel,SG CAS - MBS Maintenance - Singtel 2023,Other APAC,Services(R),PO# 00002045,,,,,,,USD,3366.9,USD,40418.94,0.0,CXO,Verbal,1/2/2023,SingTel,2023-03-01,Other APAC,SingTel,Other,Private Platform,Telco,Saravanan Manickam,3,0.0,13472.980000000001,Recurring,3366.9,3366.9,3366.9,3,Q4
SmartWorld,SmartWorld IBS Design,MEA,Platform(R),PO# 00001760,,,,Design,,,USD,653.4,USD,3267.0,0.0,Sales-APAC,Closed Won,10/29/2021,SmartWorld,2022-05-01,MEA,SmartWorld,Integrator,Private Platform,Asset Investor,Saravanan Manickam,2,0.0,1633.5,Recurring,653.4,653.4,653.4,5,Q1
SmartWorld,SmartWorld IBS - Madinat jumeirah,MEA,Services(R),PO# 00001761,,,,Implementation & Acceptance,,,USD,1416.6,USD,4722.0,0.0,Saravanan Manickam,Closed Won,8/20/2021,SmartWorld,2022-05-31,MEA,SmartWorld,Integrator,Private Platform,Asset Investor,Saravanan Manickam,1,0.0,4722.0,Recurring,1416.6,1416.6,1416.6,5,Q1
SmartWorld,SmartWorld IBS Design,MEA,Platform(R),PO# 00001760,,,,Design,,,USD,653.4,USD,3267.0,0.0,Sales-APAC,Closed Won,10/29/2021,SmartWorld,2022-06-01,MEA,SmartWorld,Integrator,Private Platform,Asset Investor,Saravanan Manickam,2,0.0,1633.5,Recurring,653.4,653.4,653.4,6,Q1
Smart World Partners,SWP - rapports trimestriels Eure-et-Loir,Europe,Services(R),PO# 00001819,2022080968,8/23/2022,,Rapport T1 2022,USD,580.34,USD,580.34,USD,580.34,0.0,Robert FROGER,Closed Won,6/11/2022,Smart World Partners,2022-06-01,Europe,Smart World Partners,Partner,Public Platform,Smart Cities / Territories,Robert FROGER,1,580.34,580.34,Recurring,580.34,0.0,580.34,6,Q1
Smart World Partners,SWP - rapports trimestriels Eure-et-Loir,Europe,Services(R),PO# 00001820,2022080969,8/23/2022,,Rapport T2 2022,USD,580.34,USD,580.34,USD,580.34,0.0,Robert FROGER,Closed Won,6/11/2022,Smart World Partners,2022-07-01,Europe,Smart World Partners,Partner,Public Platform,Smart Cities / Territories,Robert FROGER,1,580.34,580.34,Recurring,580.34,0.0,580.34,7,Q2
Smart World Partners,SWP - rapports trimestriels Eure-et-Loir,Europe,Services(R),PO# 00001821,20221201057,12/13/2022,,Rapport T3 2022,USD,580.34,USD,580.34,USD,580.34,0.0,Robert FROGER,Closed Won,6/11/2022,Smart World Partners,2022-10-01,Europe,Smart World Partners,Partner,Public Platform,Smart Cities / Territories,Robert FROGER,1,580.34,580.34,Recurring,580.34,0.0,580.34,10,Q3
Smart World Partners,SWP - rapports trimestriels Eure-et-Loir,Europe,Services(R),PO# 00001822,,,,Rapport T4 2022,,,USD,580.34,USD,580.34,0.0,Robert FROGER,Closed Won,6/11/2022,Smart World Partners,2023-01-01,Europe,Smart World Partners,Partner,Public Platform,Smart Cities / Territories,Robert FROGER,1,0.0,580.34,Recurring,580.34,580.34,580.34,1,Q4
SNCF,SNCF - Reporting Cartogsm - 2022,Europe,Platform(R),PO# 00001475,2022060910,6/7/2022,,CartoGSM renewal for 2022,USD,46427.31,USD,3867.39,USD,46427.31,0.0,Robert FROGER,Closed Won,12/22/2021,SNCF,2022-04-01,Europe,SNCF,Customer,Public Platform,Mobility/Transportation,Sales-EMEA,9,5158.59,5158.59,Recurring,3867.39,-1291.2000000000003,3867.39,4,Q1
SNCF,SNCF - licences NetSNCF - 2022,Europe,Platform(R),PO# 00001476,2022060911,6/7/2022,,NetSNCF licenses for 2022,USD,129353.11,USD,10775.11,USD,129353.11,0.0,Robert FROGER,Closed Won,12/22/2021,SNCF,2022-04-01,Europe,SNCF,Customer,Public Platform,Mobility/Transportation,Sales-EMEA,9,14372.567777777778,14372.567777777778,Recurring,10775.11,-3597.4577777777777,10775.11,4,Q1
SNCF,SNCF - Reporting Cartogsm - 2022,Europe,Platform(R),PO# 00001475,2022060910,6/7/2022,,CartoGSM renewal for 2022,USD,46427.31,USD,3867.39,USD,46427.31,0.0,Robert FROGER,Closed Won,12/22/2021,SNCF,2022-05-01,Europe,SNCF,Customer,Public Platform,Mobility/Transportation,Sales-EMEA,9,5158.59,5158.59,Recurring,3867.39,-1291.2000000000003,3867.39,5,Q1
SNCF,SNCF - licences NetSNCF - 2022,Europe,Platform(R),PO# 00001476,2022060911,6/7/2022,,NetSNCF licenses for 2022,USD,129353.11,USD,10775.11,USD,129353.11,0.0,Robert FROGER,Closed Won,12/22/2021,SNCF,2022-05-01,Europe,SNCF,Customer,Public Platform,Mobility/Transportation,Sales-EMEA,9,14372.567777777778,14372.567777777778,Recurring,10775.11,-3597.4577777777777,10775.11,5,Q1
SNCF,SNCF - Reporting Cartogsm - 2022,Europe,Platform(R),PO# 00001475,2022060910,6/7/2022,,CartoGSM renewal for 2022,USD,46427.31,USD,3872.04,USD,46427.31,0.0,Robert FROGER,Closed Won,12/22/2021,SNCF,2022-06-01,Europe,SNCF,Customer,Public Platform,Mobility/Transportation,Sales-EMEA,9,5158.59,5158.59,Recurring,3872.04,-1286.5500000000002,3872.04,6,Q1
SNCF,SNCF - licences NetSNCF - 2022,Europe,Platform(R),PO# 00001476,2022060911,6/7/2022,,NetSNCF licenses for 2022,USD,129353.11,USD,10788.05,USD,129353.11,0.0,Robert FROGER,Closed Won,12/22/2021,SNCF,2022-06-01,Europe,SNCF,Customer,Public Platform,Mobility/Transportation,Sales-EMEA,9,14372.567777777778,14372.567777777778,Recurring,10788.05,-3584.517777777779,10788.05,6,Q1
SNCF,SNCF - Updata ferroviaire 2021,Europe,Platform(R),PO# 00001826,2022060920,6/17/2022,,SNCF - Updata Ferroviaire 2021 dans Cartogsm,USD,11054.12,USD,11054.12,USD,11054.12,0.0,CXO,Closed Won,4/20/2022,SNCF,2022-06-01,Europe,SNCF,Customer,Public Platform,Mobility/Transportation,Sales-EMEA,1,11054.12,11054.12,Recurring,11054.12,0.0,11054.12,6,Q1
SNCF,SNCF - Reporting Cartogsm - 2022,Europe,Platform(R),PO# 00001475,2022060910,6/7/2022,,CartoGSM renewal for 2022,USD,46427.31,USD,3867.39,USD,46427.31,0.0,Robert FROGER,Closed Won,12/22/2021,SNCF,2022-07-01,Europe,SNCF,Customer,Public Platform,Mobility/Transportation,Sales-EMEA,9,5158.59,5158.59,Recurring,3867.39,-1291.2000000000003,3867.39,7,Q2
SNCF,SNCF - licences NetSNCF - 2022,Europe,Platform(R),PO# 00001476,2022060911,6/7/2022,,NetSNCF licenses for 2022,USD,129353.11,USD,10775.11,USD,129353.11,0.0,Robert FROGER,Closed Won,12/22/2021,SNCF,2022-07-01,Europe,SNCF,Customer,Public Platform,Mobility/Transportation,Sales-EMEA,9,14372.567777777778,14372.567777777778,Recurring,10775.11,-3597.4577777777777,10775.11,7,Q2
SNCF,SNCF - Reporting Cartogsm - 2022,Europe,Platform(R),PO# 00001475,2022060910,6/7/2022,,CartoGSM renewal for 2022,USD,46427.31,USD,3867.39,USD,46427.31,0.0,Robert FROGER,Closed Won,12/22/2021,SNCF,2022-08-01,Europe,SNCF,Customer,Public Platform,Mobility/Transportation,Sales-EMEA,9,5158.59,5158.59,Recurring,3867.39,-1291.2000000000003,3867.39,8,Q2
SNCF,SNCF - licences NetSNCF - 2022,Europe,Platform(R),PO# 00001476,2022060911,6/7/2022,,NetSNCF licenses for 2022,USD,129353.11,USD,10775.11,USD,129353.11,0.0,Robert FROGER,Closed Won,12/22/2021,SNCF,2022-08-01,Europe,SNCF,Customer,Public Platform,Mobility/Transportation,Sales-EMEA,9,14372.567777777778,14372.567777777778,Recurring,10775.11,-3597.4577777777777,10775.11,8,Q2
SNCF,SNCF - Reporting Cartogsm - 2022,Europe,Platform(R),PO# 00001475,2022060910,6/7/2022,,CartoGSM renewal for 2022,USD,46427.31,USD,3872.04,USD,46427.31,0.0,Robert FROGER,Closed Won,12/22/2021,SNCF,2022-09-01,Europe,SNCF,Customer,Public Platform,Mobility/Transportation,Sales-EMEA,9,5158.59,5158.59,Recurring,3872.04,-1286.5500000000002,3872.04,9,Q2
SNCF,SNCF - licences NetSNCF - 2022,Europe,Platform(R),PO# 00001476,2022060911,6/7/2022,,NetSNCF licenses for 2022,USD,129353.11,USD,10788.05,USD,129353.11,0.0,Robert FROGER,Closed Won,12/22/2021,SNCF,2022-09-01,Europe,SNCF,Customer,Public Platform,Mobility/Transportation,Sales-EMEA,9,14372.567777777778,14372.567777777778,Recurring,10788.05,-3584.517777777779,10788.05,9,Q2
SNCF,SNCF - Reporting Cartogsm - 2022,Europe,Platform(R),PO# 00001475,2022060910,6/7/2022,,CartoGSM renewal for 2022,USD,46427.31,USD,3867.39,USD,46427.31,0.0,Robert FROGER,Closed Won,12/22/2021,SNCF,2022-10-01,Europe,SNCF,Customer,Public Platform,Mobility/Transportation,Sales-EMEA,9,5158.59,5158.59,Recurring,3867.39,-1291.2000000000003,3867.39,10,Q3
SNCF,SNCF - licences NetSNCF - 2022,Europe,Platform(R),PO# 00001476,2022060911,6/7/2022,,NetSNCF licenses for 2022,USD,129353.11,USD,10775.11,USD,129353.11,0.0,Robert FROGER,Closed Won,12/22/2021,SNCF,2022-10-01,Europe,SNCF,Customer,Public Platform,Mobility/Transportation,Sales-EMEA,9,14372.567777777778,14372.567777777778,Recurring,10775.11,-3597.4577777777777,10775.11,10,Q3
SNCF,SNCF - Reporting Cartogsm - 2022,Europe,Platform(R),PO# 00001475,2022060910,6/7/2022,,CartoGSM renewal for 2022,USD,46427.31,USD,3867.39,USD,46427.31,0.0,Robert FROGER,Closed Won,12/22/2021,SNCF,2022-11-01,Europe,SNCF,Customer,Public Platform,Mobility/Transportation,Sales-EMEA,9,5158.59,5158.59,Recurring,3867.39,-1291.2000000000003,3867.39,11,Q3
SNCF,SNCF - licences NetSNCF - 2022,Europe,Platform(R),PO# 00001476,2022060911,6/7/2022,,NetSNCF licenses for 2022,USD,129353.11,USD,10775.11,USD,129353.11,0.0,Robert FROGER,Closed Won,12/22/2021,SNCF,2022-11-01,Europe,SNCF,Customer,Public Platform,Mobility/Transportation,Sales-EMEA,9,14372.567777777778,14372.567777777778,Recurring,10775.11,-3597.4577777777777,10775.11,11,Q3
SNCF,SNCF - Reporting Cartogsm - 2022,Europe,Platform(R),PO# 00001475,2022060910,6/7/2022,,CartoGSM renewal for 2022,USD,46427.31,USD,3872.04,USD,46427.31,0.0,Robert FROGER,Closed Won,12/22/2021,SNCF,2022-12-01,Europe,SNCF,Customer,Public Platform,Mobility/Transportation,Sales-EMEA,9,5158.59,5158.59,Recurring,3872.04,-1286.5500000000002,3872.04,12,Q3
SNCF,SNCF - licences NetSNCF - 2022,Europe,Platform(R),PO# 00001476,2022060911,6/7/2022,,NetSNCF licenses for 2022,USD,129353.11,USD,10788.05,USD,129353.11,0.0,Robert FROGER,Closed Won,12/22/2021,SNCF,2022-12-01,Europe,SNCF,Customer,Public Platform,Mobility/Transportation,Sales-EMEA,9,14372.567777777778,14372.567777777778,Recurring,10788.05,-3584.517777777779,10788.05,12,Q3
SNCF,SNCF - licences NetSNCF - 2023,Europe,Platform(R),PO# 00001639,20230101087,1/25/2023,,Licences NetSNCF pour 2023,USD,129353.11,USD,10775.11,USD,129353.11,0.0,Robert FROGER,Closed Won,11/28/2022,SNCF,2023-01-01,Europe,SNCF,Customer,Public Platform,Mobility/Transportation,Sales-EMEA,3,43117.70333333333,43117.70333333333,Recurring,10775.11,-32342.59333333333,10775.11,1,Q4
SNCF,SNCF - Reporting Cartogsm - 2023,Europe,Platform(R),PO# 00001907,20230101087,1/25/2023,,,USD,46427.31,USD,3867.39,USD,46427.31,0.0,CXO,Closed Won,12/22/2021,SNCF,2023-01-01,Europe,SNCF,Customer,Public Platform,Mobility/Transportation,Sales-EMEA,3,15475.769999999999,15475.769999999999,Recurring,3867.39,-11608.38,3867.39,1,Q4
SNCF,SNCF - licences NetSNCF - 2023,Europe,Platform(R),PO# 00001639,20230101087,1/25/2023,,Licences NetSNCF pour 2023,USD,129353.11,USD,10775.11,USD,129353.11,0.0,Robert FROGER,Closed Won,11/28/2022,SNCF,2023-02-01,Europe,SNCF,Customer,Public Platform,Mobility/Transportation,Sales-EMEA,3,43117.70333333333,43117.70333333333,Recurring,10775.11,-32342.59333333333,10775.11,2,Q4
SNCF,SNCF - Reporting Cartogsm - 2023,Europe,Platform(R),PO# 00001907,20230101087,1/25/2023,,,USD,46427.31,USD,3867.39,USD,46427.31,0.0,CXO,Closed Won,12/22/2021,SNCF,2023-02-01,Europe,SNCF,Customer,Public Platform,Mobility/Transportation,Sales-EMEA,3,15475.769999999999,15475.769999999999,Recurring,3867.39,-11608.38,3867.39,2,Q4
SNCF,SNCF - licences NetSNCF - 2023,Europe,Platform(R),PO# 00001639,20230101087,1/25/2023,,Licences NetSNCF pour 2023,USD,129353.11,USD,10775.11,USD,129353.11,0.0,Robert FROGER,Closed Won,11/28/2022,SNCF,2023-03-01,Europe,SNCF,Customer,Public Platform,Mobility/Transportation,Sales-EMEA,3,43117.70333333333,43117.70333333333,Recurring,10775.11,-32342.59333333333,10775.11,3,Q4
SNCF,SNCF - Reporting Cartogsm - 2023,Europe,Platform(R),PO# 00001907,20230101087,1/25/2023,,,USD,46427.31,USD,3867.39,USD,46427.31,0.0,CXO,Closed Won,12/22/2021,SNCF,2023-03-01,Europe,SNCF,Customer,Public Platform,Mobility/Transportation,Sales-EMEA,3,15475.769999999999,15475.769999999999,Recurring,3867.39,-11608.38,3867.39,3,Q4
SNCF GARES & CONNEXIONS,Mesures SNCF GARES & CONNEXIONS,Europe,,PO# 00002082,,,,,,,USD,10324.55,USD,10324.55,0.0,Abdou Seck,Closed Won,12/31/2022,SNCF GARES & CONNEXIONS,2023-01-01,Europe,SNCF GARES & CONNEXIONS,Other,,,Abdou Seck,1,0.0,10324.55,Recurring,10324.55,10324.55,10324.55,1,Q4
SNCF Réseau,Renouvellement/Upgrade Kit de mesures + MAG-M,Europe,Platform(R),PO# 00001420,2022010800,1/5/2022,30899-0000015309,Kit de mesures compatible 5G,USD,17873.03,USD,1488.82,USD,17873.03,0.0,Robert FROGER,Closed Won,11/16/2021,SNCF Réseau,2022-04-01,Europe,SNCF Réseau,Prospect,Public Platform,Mobility/Transportation,Robert FROGER,8,2234.12875,2234.12875,Recurring,1488.82,-745.3087499999999,1488.82,4,Q1
SNCF Réseau,Renouvellement/Upgrade Kit de mesures + MAG-M,Europe,Platform(R),PO# 00001420,2022010800,1/5/2022,30899-0000015309,Kit de mesures compatible 5G,USD,17873.03,USD,1490.62,USD,17873.03,0.0,Robert FROGER,Closed Won,11/16/2021,SNCF Réseau,2022-05-01,Europe,SNCF Réseau,Prospect,Public Platform,Mobility/Transportation,Robert FROGER,8,2234.12875,2234.12875,Recurring,1490.62,-743.50875,1490.62,5,Q1
SNCF Réseau,Renouvellement/Upgrade Kit de mesures + MAG-M,Europe,Platform(R),PO# 00001420,2022010800,1/5/2022,30899-0000015309,Kit de mesures compatible 5G,USD,17873.03,USD,1488.82,USD,17873.03,0.0,Robert FROGER,Closed Won,11/16/2021,SNCF Réseau,2022-06-01,Europe,SNCF Réseau,Prospect,Public Platform,Mobility/Transportation,Robert FROGER,8,2234.12875,2234.12875,Recurring,1488.82,-745.3087499999999,1488.82,6,Q1
SNCF Réseau,Renouvellement/Upgrade Kit de mesures + MAG-M,Europe,Platform(R),PO# 00001420,2022010800,1/5/2022,30899-0000015309,Kit de mesures compatible 5G,USD,17873.03,USD,1488.82,USD,17873.03,0.0,Robert FROGER,Closed Won,11/16/2021,SNCF Réseau,2022-07-01,Europe,SNCF Réseau,Prospect,Public Platform,Mobility/Transportation,Robert FROGER,8,2234.12875,2234.12875,Recurring,1488.82,-745.3087499999999,1488.82,7,Q2
SNCF Réseau,Renouvellement/Upgrade Kit de mesures + MAG-M,Europe,Platform(R),PO# 00001420,2022010800,1/5/2022,30899-0000015309,Kit de mesures compatible 5G,USD,17873.03,USD,1490.62,USD,17873.03,0.0,Robert FROGER,Closed Won,11/16/2021,SNCF Réseau,2022-08-01,Europe,SNCF Réseau,Prospect,Public Platform,Mobility/Transportation,Robert FROGER,8,2234.12875,2234.12875,Recurring,1490.62,-743.50875,1490.62,8,Q2
SNCF Réseau,Renouvellement/Upgrade Kit de mesures + MAG-M,Europe,Platform(R),PO# 00001420,2022010800,1/5/2022,30899-0000015309,Kit de mesures compatible 5G,USD,17873.03,USD,1488.82,USD,17873.03,0.0,Robert FROGER,Closed Won,11/16/2021,SNCF Réseau,2022-09-01,Europe,SNCF Réseau,Prospect,Public Platform,Mobility/Transportation,Robert FROGER,8,2234.12875,2234.12875,Recurring,1488.82,-745.3087499999999,1488.82,9,Q2
SNCF Réseau,Renouvellement/Upgrade Kit de mesures + MAG-M,Europe,Platform(R),PO# 00001420,2022010800,1/5/2022,30899-0000015309,Kit de mesures compatible 5G,USD,17873.03,USD,1488.82,USD,17873.03,0.0,Robert FROGER,Closed Won,11/16/2021,SNCF Réseau,2022-10-01,Europe,SNCF Réseau,Prospect,Public Platform,Mobility/Transportation,Robert FROGER,8,2234.12875,2234.12875,Recurring,1488.82,-745.3087499999999,1488.82,10,Q3
SNCF Réseau,Renouvellement/Upgrade Kit de mesures + MAG-M,Europe,Platform(R),PO# 00001420,2022010800,1/5/2022,30899-0000015309,Kit de mesures compatible 5G,USD,17873.03,USD,1490.62,USD,17873.03,0.0,Robert FROGER,Closed Won,11/16/2021,SNCF Réseau,2022-11-01,Europe,SNCF Réseau,Prospect,Public Platform,Mobility/Transportation,Robert FROGER,8,2234.12875,2234.12875,Recurring,1490.62,-743.50875,1490.62,11,Q3
SNCF Transilien,SONDES SNCF Gare du Nord,Europe,Platform(R),PO# 00001781,2022040880,4/25/2022,PO# 00001781,,USD,4532.19,USD,4532.19,USD,4532.19,0.0,Abdou Seck,Closed Won,3/31/2022,SNCF Transilien,2022-04-01,Europe,SNCF Transilien,Customer,Public Platform,Mobility/Transportation,Abdou Seck,1,4532.19,4532.19,Recurring,4532.19,0.0,4532.19,4,Q1
SNCF Transilien,Mesures Sondes - 4 Gares,Europe,Platform(R),PO# 00001801,2022080964,8/22/2022,01605-0000003265,,USD,13629.73,USD,9086.49,USD,18172.97,0.0,Abdou Seck,Closed Won,5/17/2022,SNCF Transilien,2022-05-01,Europe,SNCF Transilien,Customer,Public Platform,Mobility/Transportation,Abdou Seck,2,6814.865,9086.485,Recurring,9086.49,2271.625,9086.49,5,Q1
SNCF Transilien,Mesures Sondes - 4 Gares,Europe,Platform(R),PO# 00001801,2022080964,8/22/2022,01605-0000003265,,USD,13629.73,USD,9086.49,USD,18172.97,0.0,Abdou Seck,Closed Won,5/17/2022,SNCF Transilien,2022-06-01,Europe,SNCF Transilien,Customer,Public Platform,Mobility/Transportation,Abdou Seck,2,6814.865,9086.485,Recurring,9086.49,2271.625,9086.49,6,Q1
Sony Pictures Networks India Pvt. Ltd.,SPNI Device Cloud (Nov 21 - Oct 22),India,Platform(R),PO# 00001700,,,,,USD,42307.69,USD,3524.23,USD,42307.69,0.0,Mohit Lohani,Closed Won,11/1/2021,Sony Pictures Networks India Pvt. Ltd.,2022-04-01,India,Sony Pictures Networks India Pvt. Ltd.,Customer,Application Platform,Media Entertainment,Perdiep Jankie,7,6043.955714285715,6043.955714285715,Recurring,3524.23,-2519.7257142857147,3524.23,4,Q1
Sony Pictures Networks India Pvt. Ltd.,SPNI Device Cloud (Nov 21 - Oct 22),India,Platform(R),PO# 00001700,,,,,USD,42307.69,USD,3524.23,USD,42307.69,0.0,Mohit Lohani,Closed Won,11/1/2021,Sony Pictures Networks India Pvt. Ltd.,2022-05-01,India,Sony Pictures Networks India Pvt. Ltd.,Customer,Application Platform,Media Entertainment,Perdiep Jankie,7,6043.955714285715,6043.955714285715,Recurring,3524.23,-2519.7257142857147,3524.23,5,Q1
Sony Pictures Networks India Pvt. Ltd.,SonyLiv GLobal Expansion,India,Platform(R),PO# 00001683,,,,,USD,129855.67,USD,4837.53,USD,237166.45,0.0,Perdiep Jankie,Closed Won,3/30/2022,Sony Pictures Networks India Pvt. Ltd.,2022-06-01,India,Sony Pictures Networks India Pvt. Ltd.,Customer,Application Platform,Media Entertainment,Perdiep Jankie,10,12985.567,23716.645,Recurring,4837.53,-8148.036999999999,4837.53,6,Q1
Sony Pictures Networks India Pvt. Ltd.,SPNI Device Cloud (Nov 21 - Oct 22),India,Platform(R),PO# 00001700,,,,,USD,42307.69,USD,3524.23,USD,42307.69,0.0,Mohit Lohani,Closed Won,11/1/2021,Sony Pictures Networks India Pvt. Ltd.,2022-06-01,India,Sony Pictures Networks India Pvt. Ltd.,Customer,Application Platform,Media Entertainment,Perdiep Jankie,7,6043.955714285715,6043.955714285715,Recurring,3524.23,-2519.7257142857147,3524.23,6,Q1
Sony Pictures Networks India Pvt. Ltd.,SonyLiv GLobal Expansion,India,Platform(R),PO# 00001683,,,,,USD,129855.67,USD,9675.06,USD,237166.45,0.0,Perdiep Jankie,Closed Won,3/30/2022,Sony Pictures Networks India Pvt. Ltd.,2022-07-01,India,Sony Pictures Networks India Pvt. Ltd.,Customer,Application Platform,Media Entertainment,Perdiep Jankie,10,12985.567,23716.645,Recurring,9675.06,-3310.5069999999996,9675.06,7,Q2
Sony Pictures Networks India Pvt. Ltd.,SPNI Device Cloud (Nov 21 - Oct 22),India,Platform(R),PO# 00001700,,,,,USD,42307.69,USD,3524.23,USD,42307.69,0.0,Mohit Lohani,Closed Won,11/1/2021,Sony Pictures Networks India Pvt. Ltd.,2022-07-01,India,Sony Pictures Networks India Pvt. Ltd.,Customer,Application Platform,Media Entertainment,Perdiep Jankie,7,6043.955714285715,6043.955714285715,Recurring,3524.23,-2519.7257142857147,3524.23,7,Q2
Sony Pictures Networks India Pvt. Ltd.,SonyLiv GLobal Expansion,India,Platform(R),PO# 00001683,,,,,USD,129855.67,USD,7130.03,USD,237166.45,0.0,Perdiep Jankie,Closed Won,3/30/2022,Sony Pictures Networks India Pvt. Ltd.,2022-08-01,India,Sony Pictures Networks India Pvt. Ltd.,Customer,Application Platform,Media Entertainment,Perdiep Jankie,10,12985.567,23716.645,Recurring,7130.03,-5855.536999999999,7130.03,8,Q2
Sony Pictures Networks India Pvt. Ltd.,SPNI Device Cloud (Nov 21 - Oct 22),India,Platform(R),PO# 00001700,,,,,USD,42307.69,USD,3524.23,USD,42307.69,0.0,Mohit Lohani,Closed Won,11/1/2021,Sony Pictures Networks India Pvt. Ltd.,2022-08-01,India,Sony Pictures Networks India Pvt. Ltd.,Customer,Application Platform,Media Entertainment,Perdiep Jankie,7,6043.955714285715,6043.955714285715,Recurring,3524.23,-2519.7257142857147,3524.23,8,Q2
Sony Pictures Networks India Pvt. Ltd.,SonyLiv GLobal Expansion,India,Platform(R),PO# 00001683,,,,,USD,129855.67,USD,21642.61,USD,237166.45,0.0,Perdiep Jankie,Closed Won,3/30/2022,Sony Pictures Networks India Pvt. Ltd.,2022-09-01,India,Sony Pictures Networks India Pvt. Ltd.,Customer,Application Platform,Media Entertainment,Perdiep Jankie,10,12985.567,23716.645,Recurring,21642.61,8657.043000000001,21642.61,9,Q2
Sony Pictures Networks India Pvt. Ltd.,SPNI Device Cloud (Nov 21 - Oct 22),India,Platform(R),PO# 00001700,,,,,USD,42307.69,USD,3524.23,USD,42307.69,0.0,Mohit Lohani,Closed Won,11/1/2021,Sony Pictures Networks India Pvt. Ltd.,2022-09-01,India,Sony Pictures Networks India Pvt. Ltd.,Customer,Application Platform,Media Entertainment,Perdiep Jankie,7,6043.955714285715,6043.955714285715,Recurring,3524.23,-2519.7257142857147,3524.23,9,Q2
Sony Pictures Networks India Pvt. Ltd.,SonyLiv GLobal Expansion,India,Platform(R),PO# 00001683,,,,,USD,129855.67,USD,21642.61,USD,237166.45,0.0,Perdiep Jankie,Closed Won,3/30/2022,Sony Pictures Networks India Pvt. Ltd.,2022-10-01,India,Sony Pictures Networks India Pvt. Ltd.,Customer,Application Platform,Media Entertainment,Perdiep Jankie,10,12985.567,23716.645,Recurring,21642.61,8657.043000000001,21642.61,10,Q3
Sony Pictures Networks India Pvt. Ltd.,SPNI Device Cloud (Nov 21 - Oct 22),India,Platform(R),PO# 00001700,,,,,USD,42307.69,USD,3524.23,USD,42307.69,0.0,Mohit Lohani,Closed Won,11/1/2021,Sony Pictures Networks India Pvt. Ltd.,2022-10-01,India,Sony Pictures Networks India Pvt. Ltd.,Customer,Application Platform,Media Entertainment,Perdiep Jankie,7,6043.955714285715,6043.955714285715,Recurring,3524.23,-2519.7257142857147,3524.23,10,Q3
Sony Pictures Networks India Pvt. Ltd.,SonyLiv GLobal Expansion,India,Platform(R),PO# 00001683,,,,,USD,129855.67,USD,27404.66,USD,237166.45,0.0,Perdiep Jankie,Closed Won,3/30/2022,Sony Pictures Networks India Pvt. Ltd.,2022-11-01,India,Sony Pictures Networks India Pvt. Ltd.,Customer,Application Platform,Media Entertainment,Perdiep Jankie,10,12985.567,23716.645,Recurring,27404.66,14419.093,27404.66,11,Q3
Sony Pictures Networks India Pvt. Ltd.,SPNI Device Cloud (Nov 22 - Oct 23),India,Platform(R),PO# 00002018,,,,,USD,14102.56,USD,3524.23,USD,42307.69,0.0,Perdiep Jankie,Closed Won,11/1/2021,Sony Pictures Networks India Pvt. Ltd.,2022-11-01,India,Sony Pictures Networks India Pvt. Ltd.,Customer,Application Platform,Media Entertainment,Perdiep Jankie,5,2820.5119999999997,8461.538,Recurring,3524.23,703.7180000000003,3524.23,11,Q3
Sony Pictures Networks India Pvt. Ltd.,SonyLiv GLobal Expansion,India,Platform(R),PO# 00001683,,,,,USD,129855.67,USD,28095.03,USD,237166.45,0.0,Perdiep Jankie,Closed Won,3/30/2022,Sony Pictures Networks India Pvt. Ltd.,2022-12-01,India,Sony Pictures Networks India Pvt. Ltd.,Customer,Application Platform,Media Entertainment,Perdiep Jankie,10,12985.567,23716.645,Recurring,28095.03,15109.463,28095.03,12,Q3
Sony Pictures Networks India Pvt. Ltd.,SPNI Device Cloud (Nov 22 - Oct 23),India,Platform(R),PO# 00002018,,,,,USD,14102.56,USD,3524.23,USD,42307.69,0.0,Perdiep Jankie,Closed Won,11/1/2021,Sony Pictures Networks India Pvt. Ltd.,2022-12-01,India,Sony Pictures Networks India Pvt. Ltd.,Customer,Application Platform,Media Entertainment,Perdiep Jankie,5,2820.5119999999997,8461.538,Recurring,3524.23,703.7180000000003,3524.23,12,Q3
Sony Pictures Networks India Pvt. Ltd.,SonyLiv GLobal Expansion,India,Platform(R),PO# 00001683,,,,,USD,129855.67,USD,38912.97,USD,237166.45,0.0,Perdiep Jankie,Closed Won,3/30/2022,Sony Pictures Networks India Pvt. Ltd.,2023-01-01,India,Sony Pictures Networks India Pvt. Ltd.,Customer,Application Platform,Media Entertainment,Perdiep Jankie,10,12985.567,23716.645,Recurring,38912.97,25927.403000000002,38912.97,1,Q4
Sony Pictures Networks India Pvt. Ltd.,SPNI Device Cloud (Nov 22 - Oct 23),India,Platform(R),PO# 00002018,,,,,USD,14102.56,USD,3524.23,USD,42307.69,0.0,Perdiep Jankie,Closed Won,11/1/2021,Sony Pictures Networks India Pvt. Ltd.,2023-01-01,India,Sony Pictures Networks India Pvt. Ltd.,Customer,Application Platform,Media Entertainment,Perdiep Jankie,5,2820.5119999999997,8461.538,Recurring,3524.23,703.7180000000003,3524.23,1,Q4
Sony Pictures Networks India Pvt. Ltd.,SonyLiv Global Testing - Automation Engineers,India,Services(R),PO# 00002031,,,,,,,USD,11771.58,USD,70615.38,0.0,Perdiep Jankie,Negotiation,2/15/2023,Sony Pictures Networks India Pvt. Ltd.,2023-01-01,India,Sony Pictures Networks India Pvt. Ltd.,Customer,Application Platform,Media Entertainment,Perdiep Jankie,3,0.0,23538.460000000003,Recurring,11771.58,11771.58,11771.58,1,Q4
Sony Pictures Networks India Pvt. Ltd.,SonyLiv GLobal Expansion,India,Platform(R),PO# 00001683,,,,,USD,129855.67,USD,38912.97,USD,237166.45,0.0,Perdiep Jankie,Closed Won,3/30/2022,Sony Pictures Networks India Pvt. Ltd.,2023-02-01,India,Sony Pictures Networks India Pvt. Ltd.,Customer,Application Platform,Media Entertainment,Perdiep Jankie,10,12985.567,23716.645,Recurring,38912.97,25927.403000000002,38912.97,2,Q4
Sony Pictures Networks India Pvt. Ltd.,SPNI Device Cloud (Nov 22 - Oct 23),India,Platform(R),PO# 00002018,,,,,USD,14102.56,USD,3524.23,USD,42307.69,0.0,Perdiep Jankie,Closed Won,11/1/2021,Sony Pictures Networks India Pvt. Ltd.,2023-02-01,India,Sony Pictures Networks India Pvt. Ltd.,Customer,Application Platform,Media Entertainment,Perdiep Jankie,5,2820.5119999999997,8461.538,Recurring,3524.23,703.7180000000003,3524.23,2,Q4
Sony Pictures Networks India Pvt. Ltd.,SonyLiv Global Testing - Automation Engineers,India,Services(R),PO# 00002031,,,,,,,USD,11771.58,USD,70615.38,0.0,Perdiep Jankie,Negotiation,2/15/2023,Sony Pictures Networks India Pvt. Ltd.,2023-02-01,India,Sony Pictures Networks India Pvt. Ltd.,Customer,Application Platform,Media Entertainment,Perdiep Jankie,3,0.0,23538.460000000003,Recurring,11771.58,11771.58,11771.58,2,Q4
Sony Pictures Networks India Pvt. Ltd.,SonyLiv GLobal Expansion,India,Platform(R),PO# 00001683,,,,,USD,129855.67,USD,38912.97,USD,237166.45,0.0,Perdiep Jankie,Closed Won,3/30/2022,Sony Pictures Networks India Pvt. Ltd.,2023-03-01,India,Sony Pictures Networks India Pvt. Ltd.,Customer,Application Platform,Media Entertainment,Perdiep Jankie,10,12985.567,23716.645,Recurring,38912.97,25927.403000000002,38912.97,3,Q4
Sony Pictures Networks India Pvt. Ltd.,SPNI Device Cloud (Nov 22 - Oct 23),India,Platform(R),PO# 00002018,,,,,USD,14102.56,USD,3524.23,USD,42307.69,0.0,Perdiep Jankie,Closed Won,11/1/2021,Sony Pictures Networks India Pvt. Ltd.,2023-03-01,India,Sony Pictures Networks India Pvt. Ltd.,Customer,Application Platform,Media Entertainment,Perdiep Jankie,5,2820.5119999999997,8461.538,Recurring,3524.23,703.7180000000003,3524.23,3,Q4
Sony Pictures Networks India Pvt. Ltd.,SonyLiv Global Testing - Automation Engineers,India,Services(R),PO# 00002031,,,,,,,USD,11771.58,USD,70615.38,0.0,Perdiep Jankie,Negotiation,2/15/2023,Sony Pictures Networks India Pvt. Ltd.,2023-03-01,India,Sony Pictures Networks India Pvt. Ltd.,Customer,Application Platform,Media Entertainment,Perdiep Jankie,3,0.0,23538.460000000003,Recurring,11771.58,11771.58,11771.58,3,Q4
StarHub,SG CAS - MBS Maintenance - Starhub 2022,Other APAC,Services(R),PO# 00002046,,,,,USD,40418.94,USD,3366.9,USD,40418.94,0.0,CXO,Closed Won,12/30/2021,StarHub,2022-04-01,Other APAC,StarHub,Other,Private Platform,Telco,Saravanan Manickam,9,4490.993333333334,4490.993333333334,Recurring,3366.9,-1124.0933333333337,3366.9,4,Q1
StarHub,SG CAS - MBS Maintenance - Starhub 2022,Other APAC,Services(R),PO# 00002046,,,,,USD,40418.94,USD,3366.9,USD,40418.94,0.0,CXO,Closed Won,12/30/2021,StarHub,2022-05-01,Other APAC,StarHub,Other,Private Platform,Telco,Saravanan Manickam,9,4490.993333333334,4490.993333333334,Recurring,3366.9,-1124.0933333333337,3366.9,5,Q1
StarHub,SG CAS - MBS Maintenance - Starhub 2022,Other APAC,Services(R),PO# 00002046,,,,,USD,40418.94,USD,3366.9,USD,40418.94,0.0,CXO,Closed Won,12/30/2021,StarHub,2022-06-01,Other APAC,StarHub,Other,Private Platform,Telco,Saravanan Manickam,9,4490.993333333334,4490.993333333334,Recurring,3366.9,-1124.0933333333337,3366.9,6,Q1
StarHub,SG CAS - MBS Maintenance - Starhub 2022,Other APAC,Services(R),PO# 00002046,,,,,USD,40418.94,USD,3366.9,USD,40418.94,0.0,CXO,Closed Won,12/30/2021,StarHub,2022-07-01,Other APAC,StarHub,Other,Private Platform,Telco,Saravanan Manickam,9,4490.993333333334,4490.993333333334,Recurring,3366.9,-1124.0933333333337,3366.9,7,Q2
StarHub,SG CAS - MBS Maintenance - Starhub 2022,Other APAC,Services(R),PO# 00002046,,,,,USD,40418.94,USD,3366.9,USD,40418.94,0.0,CXO,Closed Won,12/30/2021,StarHub,2022-08-01,Other APAC,StarHub,Other,Private Platform,Telco,Saravanan Manickam,9,4490.993333333334,4490.993333333334,Recurring,3366.9,-1124.0933333333337,3366.9,8,Q2
StarHub,SG CAS - MBS Maintenance - Starhub 2022,Other APAC,Services(R),PO# 00002046,,,,,USD,40418.94,USD,3366.9,USD,40418.94,0.0,CXO,Closed Won,12/30/2021,StarHub,2022-09-01,Other APAC,StarHub,Other,Private Platform,Telco,Saravanan Manickam,9,4490.993333333334,4490.993333333334,Recurring,3366.9,-1124.0933333333337,3366.9,9,Q2
StarHub,SG CAS - MBS Maintenance - Starhub 2022,Other APAC,Services(R),PO# 00002046,,,,,USD,40418.94,USD,3366.9,USD,40418.94,0.0,CXO,Closed Won,12/30/2021,StarHub,2022-10-01,Other APAC,StarHub,Other,Private Platform,Telco,Saravanan Manickam,9,4490.993333333334,4490.993333333334,Recurring,3366.9,-1124.0933333333337,3366.9,10,Q3
StarHub,SG CAS - MBS Maintenance - Starhub 2022,Other APAC,Services(R),PO# 00002046,,,,,USD,40418.94,USD,3366.9,USD,40418.94,0.0,CXO,Closed Won,12/30/2021,StarHub,2022-11-01,Other APAC,StarHub,Other,Private Platform,Telco,Saravanan Manickam,9,4490.993333333334,4490.993333333334,Recurring,3366.9,-1124.0933333333337,3366.9,11,Q3
StarHub,SG CAS - MBS Maintenance - Starhub 2022,Other APAC,Services(R),PO# 00002046,,,,,USD,40418.94,USD,3366.9,USD,40418.94,0.0,CXO,Closed Won,12/30/2021,StarHub,2022-12-01,Other APAC,StarHub,Other,Private Platform,Telco,Saravanan Manickam,9,4490.993333333334,4490.993333333334,Recurring,3366.9,-1124.0933333333337,3366.9,12,Q3
StarHub,SG CAS - MBS Maintenance - Starhub 2023,Other APAC,Services(R),PO# 00002047,,,,,,,USD,3366.9,USD,40418.94,0.0,CXO,Verbal,12/30/2021,StarHub,2023-01-01,Other APAC,StarHub,Other,Private Platform,Telco,Saravanan Manickam,3,0.0,13472.980000000001,Recurring,3366.9,3366.9,3366.9,1,Q4
StarHub,SG CAS - MBS Maintenance - Starhub 2023,Other APAC,Services(R),PO# 00002047,,,,,,,USD,3366.9,USD,40418.94,0.0,CXO,Verbal,12/30/2021,StarHub,2023-02-01,Other APAC,StarHub,Other,Private Platform,Telco,Saravanan Manickam,3,0.0,13472.980000000001,Recurring,3366.9,3366.9,3366.9,2,Q4
StarHub,SG CAS - MBS Maintenance - Starhub 2023,Other APAC,Services(R),PO# 00002047,,,,,,,USD,3366.9,USD,40418.94,0.0,CXO,Verbal,12/30/2021,StarHub,2023-03-01,Other APAC,StarHub,Other,Private Platform,Telco,Saravanan Manickam,3,0.0,13472.980000000001,Recurring,3366.9,3366.9,3366.9,3,Q4
TDRA UAE,TDRA UAE - AMS 2022 of Network End to End (RFP 119395),MEA,Platform(R),PO# 00001729,,,,AMS for 2022,,,USD,6880.98,USD,82604.86,0.0,Robert FROGER,Closed Won,1/28/2022,TDRA UAE,2022-04-01,MEA,TDRA UAE,Customer,Public Platform,Others,Sanket Jain,9,0.0,9178.317777777778,Recurring,6880.98,6880.98,6880.98,4,Q1
TDRA UAE,TDRA UAE - AMS 2022 of Network End to End (RFP 119395),MEA,Platform(R),PO# 00001729,,,,AMS for 2022,,,USD,6880.98,USD,82604.86,0.0,Robert FROGER,Closed Won,1/28/2022,TDRA UAE,2022-05-01,MEA,TDRA UAE,Customer,Public Platform,Others,Sanket Jain,9,0.0,9178.317777777778,Recurring,6880.98,6880.98,6880.98,5,Q1
TDRA UAE,TDRA UAE - AMS 2022 of Network End to End (RFP 119395),MEA,Platform(R),PO# 00001729,,,,AMS for 2022,,,USD,6889.25,USD,82604.86,0.0,Robert FROGER,Closed Won,1/28/2022,TDRA UAE,2022-06-01,MEA,TDRA UAE,Customer,Public Platform,Others,Sanket Jain,9,0.0,9178.317777777778,Recurring,6889.25,6889.25,6889.25,6,Q1
TDRA UAE,TDRA UAE - AMS 2022 of Network End to End (RFP 119395),MEA,Platform(R),PO# 00001729,,,,AMS for 2022,,,USD,6880.98,USD,82604.86,0.0,Robert FROGER,Closed Won,1/28/2022,TDRA UAE,2022-07-01,MEA,TDRA UAE,Customer,Public Platform,Others,Sanket Jain,9,0.0,9178.317777777778,Recurring,6880.98,6880.98,6880.98,7,Q2
TDRA UAE,TDRA UAE - AMS 2022 of Network End to End (RFP 119395),MEA,Platform(R),PO# 00001729,,,,AMS for 2022,,,USD,6880.98,USD,82604.86,0.0,Robert FROGER,Closed Won,1/28/2022,TDRA UAE,2022-08-01,MEA,TDRA UAE,Customer,Public Platform,Others,Sanket Jain,9,0.0,9178.317777777778,Recurring,6880.98,6880.98,6880.98,8,Q2
TDRA UAE,TDRA UAE - AMS 2022 of Network End to End (RFP 119395),MEA,Platform(R),PO# 00001729,,,,AMS for 2022,,,USD,6889.25,USD,82604.86,0.0,Robert FROGER,Closed Won,1/28/2022,TDRA UAE,2022-09-01,MEA,TDRA UAE,Customer,Public Platform,Others,Sanket Jain,9,0.0,9178.317777777778,Recurring,6889.25,6889.25,6889.25,9,Q2
TDRA UAE,TDRA UAE - AMS 2022 of Network End to End (RFP 119395),MEA,Platform(R),PO# 00001729,,,,AMS for 2022,,,USD,6880.98,USD,82604.86,0.0,Robert FROGER,Closed Won,1/28/2022,TDRA UAE,2022-10-01,MEA,TDRA UAE,Customer,Public Platform,Others,Sanket Jain,9,0.0,9178.317777777778,Recurring,6880.98,6880.98,6880.98,10,Q3
TDRA UAE,TDRA UAE - AMS 2022 of Network End to End (RFP 119395),MEA,Platform(R),PO# 00001729,,,,AMS for 2022,,,USD,6880.98,USD,82604.86,0.0,Robert FROGER,Closed Won,1/28/2022,TDRA UAE,2022-11-01,MEA,TDRA UAE,Customer,Public Platform,Others,Sanket Jain,9,0.0,9178.317777777778,Recurring,6880.98,6880.98,6880.98,11,Q3
TDRA UAE,TDRA UAE - AMS 2022 of Network End to End (RFP 119395),MEA,Platform(R),PO# 00001729,,,,AMS for 2022,,,USD,6889.25,USD,82604.86,0.0,Robert FROGER,Closed Won,1/28/2022,TDRA UAE,2022-12-01,MEA,TDRA UAE,Customer,Public Platform,Others,Sanket Jain,9,0.0,9178.317777777778,Recurring,6889.25,6889.25,6889.25,12,Q3
TDRA UAE,TDRA UAE - AMS 2023 of Network End to End (RFP 119395),MEA,Platform(R),PO# 00001730,,,,AMS for 2023,,,USD,6880.98,USD,82604.86,0.0,Robert FROGER,Verbal,1/28/2023,TDRA UAE,2023-01-01,MEA,TDRA UAE,Customer,Public Platform,Others,Sanket Jain,3,0.0,27534.953333333335,Recurring,6880.98,6880.98,6880.98,1,Q4
TDRA UAE,TDRA UAE - AMS 2023 of Network End to End (RFP 119395),MEA,Platform(R),PO# 00001730,,,,AMS for 2023,,,USD,6880.98,USD,82604.86,0.0,Robert FROGER,Verbal,1/28/2023,TDRA UAE,2023-02-01,MEA,TDRA UAE,Customer,Public Platform,Others,Sanket Jain,3,0.0,27534.953333333335,Recurring,6880.98,6880.98,6880.98,2,Q4
TDRA UAE,TDRA UAE - AMS 2023 of Network End to End (RFP 119395),MEA,Platform(R),PO# 00001730,,,,AMS for 2023,,,USD,6880.98,USD,82604.86,0.0,Robert FROGER,Verbal,1/28/2023,TDRA UAE,2023-03-01,MEA,TDRA UAE,Customer,Public Platform,Others,Sanket Jain,3,0.0,27534.953333333335,Recurring,6880.98,6880.98,6880.98,3,Q4
TECHM,Aquamark - Vodafone Qatar,MEA,Platform(R),PO# 00001685,20221101022,11/3/2022,,,USD,68556.0,USD,5710.71,USD,68556.0,0.0,Perdiep Jankie,Closed Won,3/15/2022,TECHM,2022-04-01,MEA,TECHM,Partner,Application Platform,Telco,SE-EN,11,6232.363636363636,6232.363636363636,Recurring,5710.71,-521.653636363636,5710.71,4,Q1
TECHM,Aquamark - Vodafone Qatar,MEA,Platform(R),PO# 00001685,20221101022,11/3/2022,,,USD,68556.0,USD,5710.71,USD,68556.0,0.0,Perdiep Jankie,Closed Won,3/15/2022,TECHM,2022-05-01,MEA,TECHM,Partner,Application Platform,Telco,SE-EN,11,6232.363636363636,6232.363636363636,Recurring,5710.71,-521.653636363636,5710.71,5,Q1
TECHM,Aquamark - Vodafone Qatar,MEA,Platform(R),PO# 00001685,20221101022,11/3/2022,,,USD,68556.0,USD,5710.71,USD,68556.0,0.0,Perdiep Jankie,Closed Won,3/15/2022,TECHM,2022-06-01,MEA,TECHM,Partner,Application Platform,Telco,SE-EN,11,6232.363636363636,6232.363636363636,Recurring,5710.71,-521.653636363636,5710.71,6,Q1
TECHM,Aquamark - Vodafone Qatar,MEA,Platform(R),PO# 00001685,20221101022,11/3/2022,,,USD,68556.0,USD,5710.71,USD,68556.0,0.0,Perdiep Jankie,Closed Won,3/15/2022,TECHM,2022-07-01,MEA,TECHM,Partner,Application Platform,Telco,SE-EN,11,6232.363636363636,6232.363636363636,Recurring,5710.71,-521.653636363636,5710.71,7,Q2
TECHM,Aquamark - Vodafone Qatar,MEA,Platform(R),PO# 00001685,20221101022,11/3/2022,,,USD,68556.0,USD,5710.71,USD,68556.0,0.0,Perdiep Jankie,Closed Won,3/15/2022,TECHM,2022-08-01,MEA,TECHM,Partner,Application Platform,Telco,SE-EN,11,6232.363636363636,6232.363636363636,Recurring,5710.71,-521.653636363636,5710.71,8,Q2
TECHM,Aquamark - Vodafone Qatar,MEA,Platform(R),PO# 00001685,20221101022,11/3/2022,,,USD,68556.0,USD,5710.71,USD,68556.0,0.0,Perdiep Jankie,Closed Won,3/15/2022,TECHM,2022-09-01,MEA,TECHM,Partner,Application Platform,Telco,SE-EN,11,6232.363636363636,6232.363636363636,Recurring,5710.71,-521.653636363636,5710.71,9,Q2
TECHM,Aquamark - Vodafone Qatar,MEA,Platform(R),PO# 00001685,20221101022,11/3/2022,,,USD,68556.0,USD,5710.71,USD,68556.0,0.0,Perdiep Jankie,Closed Won,3/15/2022,TECHM,2022-10-01,MEA,TECHM,Partner,Application Platform,Telco,SE-EN,11,6232.363636363636,6232.363636363636,Recurring,5710.71,-521.653636363636,5710.71,10,Q3
TECHM,Aquamark - Vodafone Qatar,MEA,Platform(R),PO# 00001685,20221101022,11/3/2022,,,USD,68556.0,USD,5710.71,USD,68556.0,0.0,Perdiep Jankie,Closed Won,3/15/2022,TECHM,2022-11-01,MEA,TECHM,Partner,Application Platform,Telco,SE-EN,11,6232.363636363636,6232.363636363636,Recurring,5710.71,-521.653636363636,5710.71,11,Q3
TECHM,Aquamark - Vodafone Qatar,MEA,Platform(R),PO# 00001685,20221101022,11/3/2022,,,USD,68556.0,USD,5710.71,USD,68556.0,0.0,Perdiep Jankie,Closed Won,3/15/2022,TECHM,2022-12-01,MEA,TECHM,Partner,Application Platform,Telco,SE-EN,11,6232.363636363636,6232.363636363636,Recurring,5710.71,-521.653636363636,5710.71,12,Q3
TECHM,Aquamark - Vodafone Qatar,MEA,Platform(R),PO# 00001685,20221101022,11/3/2022,,,USD,68556.0,USD,2968.47,USD,68556.0,0.0,Perdiep Jankie,Closed Won,3/15/2022,TECHM,2023-01-01,MEA,TECHM,Partner,Application Platform,Telco,SE-EN,11,6232.363636363636,6232.363636363636,Recurring,2968.47,-3263.8936363636362,2968.47,1,Q4
TECHM,Aquamark - Vodafone Qatar,MEA,Platform(R),PO# 00001685,20221101022,11/3/2022,,,USD,68556.0,USD,2762.81,USD,68556.0,0.0,Perdiep Jankie,Closed Won,3/15/2022,TECHM,2023-02-01,MEA,TECHM,Partner,Application Platform,Telco,SE-EN,11,6232.363636363636,6232.363636363636,Recurring,2762.81,-3469.553636363636,2762.81,2,Q4
TECHM,Aquamark - Vodafone Qatar Upsell,MEA,Platform(R),PO# 00001918,,,,,,,USD,5414.5,USD,65000.0,0.0,Perdiep Jankie,Negotiation,2/15/2023,TECHM,2023-02-01,MEA,TECHM,Partner,Application Platform,Telco,SE-EN,2,0.0,32500.0,Recurring,5414.5,5414.5,5414.5,2,Q4
TECHM,Aquamark - Vodafone Qatar Upsell,MEA,Platform(R),PO# 00001918,,,,,,,USD,5414.5,USD,65000.0,0.0,Perdiep Jankie,Negotiation,2/15/2023,TECHM,2023-03-01,MEA,TECHM,Partner,Application Platform,Telco,SE-EN,2,0.0,32500.0,Recurring,5414.5,5414.5,5414.5,3,Q4
Timedotcom,Timedotcom IBS - IoI City Mall VO,Other APAC,One-Time,PO# 00002076,,,4500084534,Materials and Services,,,USD,6446.8,USD,19342.32,0.0,Saravanan Manickam,Closed Won,1/24/2023,Timedotcom,2023-01-02,Other APAC,Timedotcom,Integrator,Private Platform,Asset Investor,Saravanan Manickam,3,0.0,6447.44,One-Time,6446.8,6446.8,0.0,1,Q4
Timedotcom,Timedotcom IBS - IoI City Mall VO,Other APAC,One-Time,PO# 00002076,,,4500084534,Materials and Services,,,USD,6446.8,USD,19342.32,0.0,Saravanan Manickam,Closed Won,1/24/2023,Timedotcom,2023-02-02,Other APAC,Timedotcom,Integrator,Private Platform,Asset Investor,Saravanan Manickam,3,0.0,6447.44,One-Time,6446.8,6446.8,0.0,2,Q4
Timedotcom,Timedotcom IBS - IoI City Mall VO,Other APAC,One-Time,PO# 00002076,,,4500084534,Materials and Services,,,USD,6446.8,USD,19342.32,0.0,Saravanan Manickam,Closed Won,1/24/2023,Timedotcom,2023-03-02,Other APAC,Timedotcom,Integrator,Private Platform,Asset Investor,Saravanan Manickam,3,0.0,6447.44,One-Time,6446.8,6446.8,0.0,3,Q4
TRBR Vanuatu,QoS / QoE Monitoring,Other APAC,Platform(R),PO# 00002020,,,,5G Mark Pro,,,USD,20000.0,USD,40000.0,0.0,Erlyn Gabijan,Closed Won,12/22/2022,TRBR Vanuatu,2023-02-01,Other APAC,TRBR Vanuatu,Customer,Public Platform,Others,Erlyn Gabijan,2,0.0,20000.0,Recurring,20000.0,20000.0,20000.0,2,Q4
TRBR Vanuatu,QoS / QoE Monitoring,Other APAC,Platform(R),PO# 00002020,,,,5G Mark Pro,,,USD,20000.0,USD,40000.0,0.0,Erlyn Gabijan,Closed Won,12/22/2022,TRBR Vanuatu,2023-03-01,Other APAC,TRBR Vanuatu,Customer,Public Platform,Others,Erlyn Gabijan,2,0.0,20000.0,Recurring,20000.0,20000.0,20000.0,3,Q4
UFC - Que Choisir,UFC - Marque Blanche - Jun 2021 - May 2023,Europe,Platform(R),PO# 00001462,2022030844,3/1/2022,,Marque Blanche UFC Que Choisir Mars-Mai 2022,USD,17244.43,USD,5747.57,USD,17244.43,0.0,Robert FROGER,Closed Won,6/23/2020,UFC - Que Choisir,2022-04-01,Europe,UFC - Que Choisir,Prospect,Public Platform,Consumer Forum,Robert FROGER,2,8622.215,8622.215,Recurring,5747.57,-2874.6450000000004,5747.57,4,Q1
UFC - Que Choisir,UFC - Marque Blanche - Jun 2021 - May 2023,Europe,Platform(R),PO# 00001462,2022030844,3/1/2022,,Marque Blanche UFC Que Choisir Mars-Mai 2022,USD,17244.43,USD,5749.29,USD,17244.43,0.0,Robert FROGER,Closed Won,6/23/2020,UFC - Que Choisir,2022-05-01,Europe,UFC - Que Choisir,Prospect,Public Platform,Consumer Forum,Robert FROGER,2,8622.215,8622.215,Recurring,5749.29,-2872.925,5749.29,5,Q1
UFC - Que Choisir,UFC - Marque Blanche - Jun 2021 - May 2023,Europe,Platform(R),PO# 00001463,2022060912,6/9/2022,,Marque Blanche UFC Que Choisir June-August 2022,USD,17244.43,USD,5747.57,USD,17244.43,0.0,Robert FROGER,Closed Won,6/23/2020,UFC - Que Choisir,2022-06-01,Europe,UFC - Que Choisir,Prospect,Public Platform,Consumer Forum,Robert FROGER,3,5748.143333333333,5748.143333333333,Recurring,5747.57,-0.5733333333337214,5747.57,6,Q1
UFC - Que Choisir,UFC - Marque Blanche - Jun 2021 - May 2023,Europe,Platform(R),PO# 00001463,2022060912,6/9/2022,,Marque Blanche UFC Que Choisir June-August 2022,USD,17244.43,USD,5747.57,USD,17244.43,0.0,Robert FROGER,Closed Won,6/23/2020,UFC - Que Choisir,2022-07-01,Europe,UFC - Que Choisir,Prospect,Public Platform,Consumer Forum,Robert FROGER,3,5748.143333333333,5748.143333333333,Recurring,5747.57,-0.5733333333337214,5747.57,7,Q2
UFC - Que Choisir,UFC - Marque Blanche - Jun 2021 - May 2023,Europe,Platform(R),PO# 00001463,2022060912,6/9/2022,,Marque Blanche UFC Que Choisir June-August 2022,USD,17244.43,USD,5749.29,USD,17244.43,0.0,Robert FROGER,Closed Won,6/23/2020,UFC - Que Choisir,2022-08-01,Europe,UFC - Que Choisir,Prospect,Public Platform,Consumer Forum,Robert FROGER,3,5748.143333333333,5748.143333333333,Recurring,5749.29,1.1466666666665333,5749.29,8,Q2
UFC - Que Choisir,UFC - Marque Blanche - Jun 2021 - May 2023,Europe,Platform(R),PO# 00001464,2022090992,9/19/2022,,Marque Blanche UFC Que Choisir Sept-Nov 2022,USD,17244.43,USD,5747.57,USD,17244.43,0.0,Robert FROGER,Closed Won,6/23/2020,UFC - Que Choisir,2022-09-01,Europe,UFC - Que Choisir,Prospect,Public Platform,Consumer Forum,Robert FROGER,3,5748.143333333333,5748.143333333333,Recurring,5747.57,-0.5733333333337214,5747.57,9,Q2
UFC - Que Choisir,UFC - Marque Blanche - Jun 2021 - May 2023,Europe,Platform(R),PO# 00001464,2022090992,9/19/2022,,Marque Blanche UFC Que Choisir Sept-Nov 2022,USD,17244.43,USD,5747.57,USD,17244.43,0.0,Robert FROGER,Closed Won,6/23/2020,UFC - Que Choisir,2022-10-01,Europe,UFC - Que Choisir,Prospect,Public Platform,Consumer Forum,Robert FROGER,3,5748.143333333333,5748.143333333333,Recurring,5747.57,-0.5733333333337214,5747.57,10,Q3
UFC - Que Choisir,UFC - Marque Blanche - Jun 2021 - May 2023,Europe,Platform(R),PO# 00001464,2022090992,9/19/2022,,Marque Blanche UFC Que Choisir Sept-Nov 2022,USD,17244.43,USD,5749.29,USD,17244.43,0.0,Robert FROGER,Closed Won,6/23/2020,UFC - Que Choisir,2022-11-01,Europe,UFC - Que Choisir,Prospect,Public Platform,Consumer Forum,Robert FROGER,3,5748.143333333333,5748.143333333333,Recurring,5749.29,1.1466666666665333,5749.29,11,Q3
UFC - Que Choisir,UFC - Marque Blanche - Jun 2021 - May 2023,Europe,Platform(R),PO# 00001465,20230101088,1/25/2023,,Marque Blanche UFC Que Choisir Dec22-Fev 2023,USD,17244.43,USD,5747.57,USD,17244.43,0.0,Robert FROGER,Closed Won,6/23/2020,UFC - Que Choisir,2022-12-01,Europe,UFC - Que Choisir,Prospect,Public Platform,Consumer Forum,Robert FROGER,3,5748.143333333333,5748.143333333333,Recurring,5747.57,-0.5733333333337214,5747.57,12,Q3
UFC - Que Choisir,UFC - Marque Blanche - Jun 2021 - May 2023,Europe,Platform(R),PO# 00001465,20230101088,1/25/2023,,Marque Blanche UFC Que Choisir Dec22-Fev 2023,USD,17244.43,USD,5747.57,USD,17244.43,0.0,Robert FROGER,Closed Won,6/23/2020,UFC - Que Choisir,2023-01-01,Europe,UFC - Que Choisir,Prospect,Public Platform,Consumer Forum,Robert FROGER,3,5748.143333333333,5748.143333333333,Recurring,5747.57,-0.5733333333337214,5747.57,1,Q4
UFC - Que Choisir,UFC - Marque Blanche - Jun 2021 - May 2023,Europe,Platform(R),PO# 00001465,20230101088,1/25/2023,,Marque Blanche UFC Que Choisir Dec22-Fev 2023,USD,17244.43,USD,5749.29,USD,17244.43,0.0,Robert FROGER,Closed Won,6/23/2020,UFC - Que Choisir,2023-02-01,Europe,UFC - Que Choisir,Prospect,Public Platform,Consumer Forum,Robert FROGER,3,5748.143333333333,5748.143333333333,Recurring,5749.29,1.1466666666665333,5749.29,2,Q4
UFC - Que Choisir,UFC - Marque Blanche - Jun 2021 - May 2023,Europe,Platform(R),PO# 00001466,,,,Marque Blanche UFC Que Choisir Mar-May 2023,,,USD,5747.57,USD,17244.43,0.0,Robert FROGER,Closed Won,6/23/2020,UFC - Que Choisir,2023-03-01,Europe,UFC - Que Choisir,Prospect,Public Platform,Consumer Forum,Robert FROGER,1,0.0,17244.43,Recurring,5747.57,5747.57,5747.57,3,Q4
UOB,SINGAPORE UOB Aquamark - OTC SCRIPTING,Other APAC,Services(R),PO# 00002050,,,,,,,USD,11998.8,USD,36000.0,0.0,Erlyn Gabijan,Closed Won,11/30/2022,UOB,2022-12-01,Other APAC,UOB,Customer,Application Platform,BFSI,Erlyn Gabijan,3,0.0,12000.0,Recurring,11998.8,11998.8,11998.8,12,Q3
UOB,SINGAPORE UOB Aquamark - Production Phase YEAR 1,Other APAC,Platform(R),PO# 00002051,,,,,,,USD,5992.6,USD,71939.98,0.0,Erlyn Gabijan,Closed Won,11/30/2022,UOB,2022-12-01,Other APAC,UOB,Customer,Application Platform,BFSI,Erlyn Gabijan,4,0.0,17984.995,Recurring,5992.6,5992.6,5992.6,12,Q3
UOB,SINGAPORE UOB Aquamark - OTC SCRIPTING,Other APAC,Services(R),PO# 00002050,,,,,,,USD,11998.8,USD,36000.0,0.0,Erlyn Gabijan,Closed Won,11/30/2022,UOB,2023-01-01,Other APAC,UOB,Customer,Application Platform,BFSI,Erlyn Gabijan,3,0.0,12000.0,Recurring,11998.8,11998.8,11998.8,1,Q4
UOB,SINGAPORE UOB Aquamark - Production Phase YEAR 1,Other APAC,Platform(R),PO# 00002051,,,,,,,USD,5992.6,USD,71939.98,0.0,Erlyn Gabijan,Closed Won,11/30/2022,UOB,2023-01-01,Other APAC,UOB,Customer,Application Platform,BFSI,Erlyn Gabijan,4,0.0,17984.995,Recurring,5992.6,5992.6,5992.6,1,Q4
UOB,SINGAPORE UOB Aquamark - OTC SCRIPTING,Other APAC,Services(R),PO# 00002050,,,,,,,USD,11998.8,USD,36000.0,0.0,Erlyn Gabijan,Closed Won,11/30/2022,UOB,2023-02-01,Other APAC,UOB,Customer,Application Platform,BFSI,Erlyn Gabijan,3,0.0,12000.0,Recurring,11998.8,11998.8,11998.8,2,Q4
UOB,SINGAPORE UOB Aquamark - Production Phase YEAR 1,Other APAC,Platform(R),PO# 00002051,,,,,,,USD,5992.6,USD,71939.98,0.0,Erlyn Gabijan,Closed Won,11/30/2022,UOB,2023-02-01,Other APAC,UOB,Customer,Application Platform,BFSI,Erlyn Gabijan,4,0.0,17984.995,Recurring,5992.6,5992.6,5992.6,2,Q4
UOB,THAILAND UOB Aquamark - Production Phase YEAR 1,Other APAC,Platform(R),PO# 00002053,,,,,,,USD,5140.11,USD,35969.99,0.0,Erlyn Gabijan,Verbal,3/17/2023,UOB,2023-03-01,Other APAC,UOB,Customer,Application Platform,BFSI,Erlyn Gabijan,1,0.0,35969.99,Recurring,5140.11,5140.11,5140.11,3,Q4
UOB,SINGAPORE UOB Aquamark - Production Phase YEAR 1,Other APAC,Platform(R),PO# 00002051,,,,,,,USD,5992.6,USD,71939.98,0.0,Erlyn Gabijan,Closed Won,11/30/2022,UOB,2023-03-01,Other APAC,UOB,Customer,Application Platform,BFSI,Erlyn Gabijan,4,0.0,17984.995,Recurring,5992.6,5992.6,5992.6,3,Q4
Wipro-India,NOC for JCB Livelink Platform 22-23,India,Platform(R),PO# 00001711,,,,,USD,17546.29,USD,8700.14,USD,44084.76,0.0,CXO,Closed Won,10/10/2022,Wipro-India,2022-11-01,India,Wipro-India,Customer,Public Platform,Others,Mohit Lohani,5,3509.2580000000003,8816.952000000001,Recurring,8700.14,5190.882,8700.14,11,Q3
Wipro-India,NOC for JCB Livelink Platform 22-23,India,Platform(R),PO# 00001711,,,,,USD,17546.29,USD,8846.15,USD,44084.76,0.0,CXO,Closed Won,10/10/2022,Wipro-India,2022-12-01,India,Wipro-India,Customer,Public Platform,Others,Mohit Lohani,5,3509.2580000000003,8816.952000000001,Recurring,8846.15,5336.892,8846.15,12,Q3
Wipro-India,NOC for JCB Livelink Platform 22-23,India,Platform(R),PO# 00001711,,,,,USD,17546.29,USD,8846.15,USD,44084.76,0.0,CXO,Closed Won,10/10/2022,Wipro-India,2023-01-01,India,Wipro-India,Customer,Public Platform,Others,Mohit Lohani,5,3509.2580000000003,8816.952000000001,Recurring,8846.15,5336.892,8846.15,1,Q4
Wipro-India,NOC for JCB Livelink Platform 22-23,India,Platform(R),PO# 00001711,,,,,USD,17546.29,USD,8846.15,USD,44084.76,0.0,CXO,Closed Won,10/10/2022,Wipro-India,2023-02-01,India,Wipro-India,Customer,Public Platform,Others,Mohit Lohani,5,3509.2580000000003,8816.952000000001,Recurring,8846.15,5336.892,8846.15,2,Q4
Wipro-India,NOC for JCB Livelink Platform 22-23,India,Platform(R),PO# 00001711,,,,,USD,17546.29,USD,8846.15,USD,44084.76,0.0,CXO,Closed Won,10/10/2022,Wipro-India,2023-03-01,India,Wipro-India,Customer,Public Platform,Others,Mohit Lohani,5,3509.2580000000003,8816.952000000001,Recurring,8846.15,5336.892,8846.15,3,Q4
Zee5,Zee5 OTT Benchmark,India,Platform(R),PO# 00001689,,,,,,,USD,3497.53,USD,41987.18,0.0,Perdiep Jankie,Closed Won,12/7/2021,Zee5,2022-11-01,India,Zee5,Customer,Application Platform,Media Entertainment,Perdiep Jankie,5,0.0,8397.436,Recurring,3497.53,3497.53,3497.53,11,Q3
Zee5,Zee5 OTT Benchmark,India,Platform(R),PO# 00001689,,,,,,,USD,3497.53,USD,41987.18,0.0,Perdiep Jankie,Closed Won,12/7/2021,Zee5,2022-12-01,India,Zee5,Customer,Application Platform,Media Entertainment,Perdiep Jankie,5,0.0,8397.436,Recurring,3497.53,3497.53,3497.53,12,Q3
Zee5,Zee5 OTT Benchmark,India,Platform(R),PO# 00001689,,,,,,,USD,3497.53,USD,41987.18,0.0,Perdiep Jankie,Closed Won,12/7/2021,Zee5,2023-01-01,India,Zee5,Customer,Application Platform,Media Entertainment,Perdiep Jankie,5,0.0,8397.436,Recurring,3497.53,3497.53,3497.53,1,Q4
Zee5,Zee5 OTT Benchmark,India,Platform(R),PO# 00001689,,,,,,,USD,3497.53,USD,41987.18,0.0,Perdiep Jankie,Closed Won,12/7/2021,Zee5,2023-02-01,India,Zee5,Customer,Application Platform,Media Entertainment,Perdiep Jankie,5,0.0,8397.436,Recurring,3497.53,3497.53,3497.53,2,Q4
Zee5,Zee5 OTT Benchmark,India,Platform(R),PO# 00001689,,,,,,,USD,3497.53,USD,41987.18,0.0,Perdiep Jankie,Closed Won,12/7/2021,Zee5,2023-03-01,India,Zee5,Customer,Application Platform,Media Entertainment,Perdiep Jankie,5,0.0,8397.436,Recurring,3497.53,3497.53,3497.53,3,Q4
Zindagi,Zindagi mobile app,MEA,Platform(R),PO# 00001945,,,,,,,USD,4165.0,USD,50000.0,0.0,Perdiep Jankie,Negotiation,2/28/2023,Zindagi,2023-03-28,MEA,Zindagi,Prospect,Application Platform,Retail,Perdiep Jankie,1,0.0,50000.0,Recurring,4165.0,4165.0,4165.0,3,Q4
